2760 4749
303 331 434 423 De
461 331 978 457 minearum
1018 324 1473 439 Docimafia
1505 324 1870 421 humida.
1928 359 2029 444 41
2049 360 2093 445 5

317 547 628 624 ‘Numa
705 567 914 622 nova
996 544 1328 639 innotuit
1398 544 1718 620 minerae
1796 547 2099 650 argenti

173 651 517 726 varietas
551 644 966 722 admodum
1019 645 1281 739 diveS,
1321 645 1403 722 &
1447 643 1756 745 quidem
1792 650 1869 723 in
1914 646 2097 723 duo·
2191 680 2217 705 τ

161 750 336 826 ‘bus
388 746 696 826 diverfis
765 746 993 839 lociS‚
1063 769 1342 847 nempe
1409 746 1503 823 ad
1553 744 2100 852 Andreasberg

177 850 622 953 Hercyniae
669 846 750 925 δε
806 845 902 924 ad
955 848 1395 925 Wittichen
1474 846 2098 951 Furstenbergiae.

181 951 611 1049 Utriusque
681 950 1042 1054 exiguum
1119 945 1512 1025 frustulum
1582 952 1958 1050 reperitur
2014 947 2101 1023 in

180 1049 677 1129 Collestione
743 1048 1226 1128 Academica.
1402 1048 1465 1125 F
1466 1043 2101 1154 urstenbergense

171 1150 468 1230 faciem
515 1150 742 1227 habet
799 1174 1218 1257 granorum
1273 1149 1805 1255 irregularium
1830 1204 1853 1245 ‚
1912 1174 2101 1227 con-

253 1252 826 1343 lomeratorum,
865 1274 1032 1350 quae
1083 1254 1335 1330 nitore
1384 1252 1765 1329 metallico
1834 1249 2105 1329 instru-

167 1276 348 1441 {a}
377 1352 710 1455 paullum
779 1353 1063 1431 flavent
1128 1349 1209 1430 &
1278 1376 1425 1431 una
1510 1378 1682 1430 cum
1772 1372 2100 1457 argento

185 1454 458 1531 nativo
535 1451 869 1557 vulgari
923 1452 1246 1533 infident
1313 1452 1588 1553 spatho
1652 1450 2101 1554 ponderoso

185 1554 394 1633 albo.
499 1554 766 1631 Grana
813 1554 1205 1655 explorata
1253 1575 1657 1659 argentum
1684 1608 1713 1653 ‚
1777 1555 2102 1632 antimo·

184 1658 311 1733 nii
381 1652 710 1758 reguli'ni
780 1653 1260 1758 portiuncula
1335 1657 1852 1755 inquinatum,
1916 1677 2102 1756 pro-

181 1752 404 1835 dunt.
510 1755 705 1833 Haec
758 1754 1058 1835 metalla
1105 1754 1324 1833 acido
1375 1756 1556 1831 nitri
1609 1775 2103 1833 concentrato

183 1855 463 1933 divelli
514 1834 857 1959 poliunt,
910 1860 1114 1959 prius
1172 1858 1383 1932 enim
1430 1856 1749 1933 solvitur
1820 1856 1905 1941 ὃς
1962 1880 2100 1958 po·

185 1958 459 2035 sterius
512 1960 589 2033 in
643 1956 925 2035 calcem
974 1956 1422 2033 'corroditur
1492 1956 1762 2037 albam.
1878 1959 2104 2057 Aqua

181 2059 402 2163 regis
449 2060 952 2135 antimonium
1002 2056 1187 2135 susci
1247 2060 1393 2134 itur
1442 2057 1526 2135 δε
1578 2079 1979 2161 argentum
2020 2061 2104 2135 in

185 2158 442 2239 fundo
498 2156 784 2235 salitum
837 2156 1080 2236 restat.
1184 2085 1574 2237 ssarticulae
1626 2160 1897 2238 malleo
1922 2184 2106 2261 quo·

187 2259 614 2339 dammodo
669 2258 1081 2350 obediunt,
1137 2259 1266 2352 &a
1319 2281 1683 2359 quantum
1730 2261 1896 2338 fieri
1990 2281 2105 2336 ot·

189 2362 344 2458 est,
369 2382 782 2460 ,attenuatae
834 2357 1220 2440 menstruo
1266 2361 1847 2466 immergantur.
1988 2385 2104 2441 er-

183 2464 474 2564 cynica
522 2463 785 2540 vocari
837 2459 1021 2540 solet
1091 2463 1505 2566 Buryracea
1530 2514 1554 2555 ‚
1628 2463 1710 2542 &
1774 2491 1817 2543 a
1880 2464 2106 2540 nobis

189 2561 354 2642 visa
426 2565 509 2640 in
565 2566 880 2642 matrice
942 2562 1276 2643 calcarea
1349 2562 1799 2642 tenuiffimas
1876 2562 2104 2642 offert

185 2662 578 2758 brasteaS,
631 2688 952 2765 quarum
1002 2666 1262 2744 raritas
1317 2666 1401 2742 in
1466 2663 1879 2766 specimine
1945 2688 2105 2742 me·

187 2787 501 2844 morato
526 2819 548 2860 ‚
604 2790 765 2843 non
824 2767 1070 2846 minus
1104 2789 1329 2867 quam
1376 2767 1711 2861 exilitati,
1765 2764 2107 2844 debitum

185 2889 587 2946 tentamen
637 2864 1248 2967 impediverunt,
1340 2866 1532 2946 adeo
1603 2890 1685 2944 ut
1748 2866 2110 2948 hactenus

187 2966 614 3072 perfestam
672 2967 888 3064 hujus
938 2993 1084 3068 qua
1158 2966 1502 3046 indolem
1581 2994 1751 3046 cum
1823 2993 2109 3072 praece-

191 3067 429 3150 dente
497 3069 1114 3148 convenientiam
1171 3070 1387 3159 -certi
1467 3067 1873 3148 adfirmare
1947 3089 2111 3151 non

189 3170 643 3266 audeamus,
694 3173 1042 3271 quamvis
1091 3193 1280 3254 vero
1329 3167 1585 3247 fimilis
1628 3171 1993 3254 videatur.

353 3321 470 3420 B)
521 3324 972 3401 Amnem-um
1009 3320 1332 3425 sulphuri
1360 3321 1505 3424 soli
1544 3325 1950 3404 ·adunatum
1993 3327 2113 3403 ni-‘

298 3423 484 3504 escit
532 3424 616 3503 δι
659 3423 900 3530 vulgo
952 3427 1248 3505 minera
1302 3429 1603 3532 argenti
1669 3428 1915 3505 vitrea
1987 3451 2112 3504 au·

257 3525 337 3604 it.
439 3525 668 3620 Hoc,
741 3547 1102 3627 quantum
1174 3526 1339 3606 fieri
1411 3526 1705 3630 potest,
1782 3526 2111 3605 divisum

189 3625 285 3706 &
356 3647 868 3724 attenuatum,
915 3630 997 3706 in
1057 3652 1149 3721 25
1217 3629 1665 3708 centenariis
1748 3627 1943 3704 acidi
2007 3631 2113 3718 ni-⁸

193 3725 380 3814 ttofi
424 3729 640 3810 diluti
685 3750 829 3836 per
883 3729 1230 3810 horulam
1273 3729 1579 3838 ¹leniter
1631 3729 2113 3908 decoquagir.

2033 3852 2111 3908 α.
