2760 4749
594 319 703 427 36
1151 306 1279 396 De
1332 327 1554 396 terra
1578 308 1665 419 st
1668 308 1884 398 licea.

552 540 774 621 <equa
828 521 1169 601 inflatum
1202 570 1225 617 ,
1294 521 1486 599 adeo
1536 542 1618 599 ut
1691 520 2027 622 ejusdem
2111 521 2506 601 volumen-

586 621 979 700 madidum
1040 622 1281 700 saltim
1364 621 1776 701 duodecies
1827 621 2126 725 superet
2177 623 2478 701 ficcum.

583 724 762 801 Nec
805 722 899 800 ‘in
953 749 1141 825 aqua
1210 724 1452 829 magis
1531 724 2050 817 contrahitur,
2129 727 2483 824 quamvis

579 848 723 926 per
809 824 1129 929 longum
1214 844 1512 925 tempus
1592 828 1673 899 in
1763 824 2029 901 eadem
2125 824 2510 923 quiescat„

578 927 794 1004 Hine
848 928 1106 1026 liquor
1160 923 1442 1001 filicum
1497 946 1713 1001 mora
1770 925 1852 1001 &
1901 923 2080 1023 justa
2127 927 2486 1025 praecipi-

583 1028 807 1102 tantis
849 1025 1007 1103 dofi
1050 1027 1251 1101 haud
1300 1022 1694 1101 difficulter
1730 1026 1810 1099 in
1859 1026 2264 1130 gelatinam
2296 1050 2484 1102 con-

580 1131 930 1219 vertitur,
1032 1122 1396 1205 raesertim
1429 1126 1850 1226 quadruplo
1897 1124 2021 1203 vel
2069 1125 2380 1227 ostuplo
2407 1150 2516 1207 a-.

578 1252 747 1327 quae
804 1252 979 1329 pon
1022 1251 1149 1306 ere
1202 1224 1507 1317 dilutae,
1571 1250 1745 1301 narn
1793 1246 1948 1302 tum
2003 1226 2324 1302 fluiditas
2373 1228 2483 1301 ita

578 1328 684 1404 est
746 1344 1207 1429 temperata,
1256 1342 1336 1403 ut
1382 1328 1866 1427 praecipitans
1932 1326 2146 1403 facile
2198 1326 2486 1403 filieeas

580 1428 979 1529 particulas
1028 1426 1390 1504 divellere
1440 1448 1708 1527 queat,
1766 1427 1856 1503 δι’
1892 1428 2012 1505 hae
2060 1428 2367 1503 divulsae
2395 1426 2482 1502 fi-

580 1529 741 1605 mul
803 1550 1040 1607 totam
1104 1527 1420 1629 implere
1471 1526 1826 1609 -mass'am
1927 1530 2080 1619 At,
2149 1526 2202 1603 fi
2285 1553 2480 1628 aqua

575 1628 889 1706 uberior
931 1626 1408 1722 adfunditur,
1492 1642 1660 1727 quae
1719 1629 2017 1705 circiter
2069 1650 2333 1727 quater
2395 1630 2516 1707 δι·

575 1730 896 1833 vigesies
944 1730 1247 1832 pondus
1295 1730 1612 1829 liquoris
1675 1726 2021 1829 superat,
2100 1732 2224 1804 hic
2305 1730 2480 1805 lim-

576 1834 801 1933 pidus
856 1853 1154 1923 manet,
1214 1828 1346 1906 etsi
1410 1851 1700 1905 tantum
1773 1830 1952 1905 dein
2039 1829 2480 1907 instillatum

575 1922 805 2007 fuerit
853 1933 1087 2023 acidi,
1142 1949 1504 2028 quantum
1557 1953 1789 2007 omne
1838 1931 2157 2029 requirit
2208 1930 2480 2025 alkali,

576 2036 821 2106 immo
870 2033 1099 2107 etiam
1150 2030 1345 2104 ultra
1411 2028 1892 2107 saturitatem.
2011 2031 2194 2108 Hoc
2261 2031 2476 2131 phae-

580 2154 979 2206 nomenon
1034 2150 1291 2205 notatu
1344 2129 1449 2205 est
1509 2129 2038 2236 digniffimum.
2165 2130 2322 2227 En,
2388 2134 2478 2209 ni

575 2230 954 2325 fallimur,
1007 2232 1408 2309 rationem.

727 2453 960 2555 ΑΨ),
1043 2451 1373 2550 diluente
1424 2474 1692 2530 omnes
1756 2453 2136 2554 particulae
2201 2452 2474 2533 filiceae

572 2555 793 2631 valde
855 2577 1393 2646 removentur,
1445 2555 1570 2630 vel
1668 2555 1863 2630 otius
1923 2553 2340 2633 subtiliores
2385 2557 2472 2632 fi-

568 2676 707 2730 unt
755 2661 897 2754 ‘per
948 2677 1184 2730 totam
1235 2655 1430 2730 hanc
1480 2679 1602 2729 ma
1668 2679 1785 2730 am
1845 2650 2229 2734 distrastae.
2347 2655 2473 2734 O-

568 2755 735 2827 mni
771 2777 980 2828 -vero
1032 2756 1445 2830 voluminis
1495 2752 1997 2830 diminutione
2071 2756 2512 2860 ampliatur'

567 2849 1003 2954 superficies
1037 2910 1061 2942 ,
1136 2855 1218 2931 δε
1298 2877 1470 2931 cum
1567 2855 1688 2930 illa
1769 2853 2151 2933 contaEtus
2250 2855 2474 2934 fluidi

571 2951 995 3029 ambientis,
1098 2951 1311 3030 Licet
1355 2957 1592 3056 igitur
1641 2953 2011 3046 siliceum,
2057 2957 2165 3032 uti
2227 2957 2276 3034 s
2311 2960 2470 3034 eci-

563 3045 709 3126 fice
762 3055 1113 3154 gravius,
1163 3052 1462 3156 semper
1514 3051 1834 3134 fundum
1909 3077 2166 3156 petere
2292 3059 2470 3136 ebe-

565 3171 690 3244 at,
744 3152 1054 3230 interim
1100 3176 1353 3231 tamen
1401 3156 1485 3232 in
1532 3154 1701 3234 casu
1727 3157 2080 3258 praesenti
2131 3158 2468 3238 resisten-

564 3252 749 3364 tiam
806 3249 1185 3332 friffionis
1246 3258 1560 3334 vincere
1635 3260 1897 3357 nequit
1929 3314 1953 3352 ‚
2028 3260 2307 3360 majori
2387 3285 2472 3339 e·

564 3373 726 3425 mm
783 3357 1127 3452 potentia
1172 3378 1364 3456 opus
1417 3355 1522 3436 est
1575 3361 1720 3434 viae
1763 3359 1856 3460 ‚in
1923 3356 2472 3438 descendendo

564 3451 1037 3548 aperiendae,
1102 3479 1375 3552 quam,
1449 3481 1615 3556 quae
1685 3455 1942 3534 locum
1997 3459 2262 3556 habet,
2319 3463 2474 3539 dif-

562 3547 887 3648 ferentia
948 3558 1410 3653 gravitatum
1477 3554 2012 3659 specificatum.
2151 3561 2472 3642 Restant

560 3651 793 3751 igiun·
841 3649 1108 3730 filiceae
1162 3653 1554 3734 moleculae
1609 3661 1690 3734 in
1737 3657 1974 3736 fluido
2050 3658 2466 3765 suspensae,

2277 3763 2474 3849 ,ἧ-
