2760 4749
593 411 701 515 ἐπ’
981 429 1097 513 De
1140 421 1449 537 formis
1508 424 2123 544 Crystallorum.

1412 637 1472 742 ς.
1534 641 1634 717 v,

749 796 994 881 Num
1052 791 1586 904 crystallisatio
1646 791 1775 878 sali
1829 793 2203 878 immixto
2260 761 2352 876 sit

1261 902 1810 990 adscribenda.

761 1067 1316 1146 Raemnoaun
1427 1065 1765 1141 nonnulli
1856 1061 2427 1165 perpendentes
2476 1115 2501 1152 ,
2624 1149 2633 1158 ·

601 1166 807 1266 quod
869 1169 1208 1267 plerique
1255 1165 1436 1242 sales
1490 1166 1815 1241 formam
1868 1163 2327 1240 sectarentur
2372 1187 2505 1236 an·

655 1269 934 1344 uloiam
973 1326 995 1358 ,
1045 1291 1356 1366 eamque
1408 1291 1561 1341 non
1611 1291 1785 1341 raro
1828 1264 2341 1352 constantem,
2406 1264 2503 1338 iis

599 1294 772 1446 {olis
852 1369 1046 1442 hanc
1123 1365 1743 1466 adjudicaverunt
1825 1365 2304 1449 facultatem.
2373 1363 2503 1452 δε,

601 1468 656 1545 fi
711 1494 874 1566 quae
925 1468 1064 1542 alia
1113 1491 1440 1567 corpora
1486 1467 1817 1542 fimiliter
1883 1466 2201 1568 figurata
2283 1464 2504 1538 inve-

606 1571 904 1660 nerint,
959 1567 1087 1642 sali
1141 1571 1216 1641 in
1272 1568 1416 1642 illis
1472 1565 1932 1642 delitescenti
1968 1563 2321 1641 effectum
2366 1566 2507 1638 tri-

605 1670 948 1744 buerunt.
1058 1665 1262 1766 Quid
1319 1667 1414 1743 de
1467 1667 1608 1742 hac
1659 1664 2128 1742 sentiendum
2189 1663 2274 1739 fit
2339 1665 2507 1766 opi·

607 1774 841 1846 nione
894 1793 984 1844 ex
1034 1767 1510 1866 sequentibus
1570 1769 1976 1842 momentis
2024 1764 2367 1852 elucebit.

762 1935 868 2027 A)
917 1933 1156 2030 Quum
1205 1931 1721 2034 crystallisatio
1768 1930 1853 2007 fit
1893 1931 2359 2008 attractionis
2423 1955 2509 2007 o·

609 2059 788 2134 puS,
830 2033 908 2106 δε
959 2055 1226 2106 omnes
1278 2053 1640 2130 praeterea
1684 2036 2013 2108 materiae
2074 2034 2293 2130 hujus
2348 2036 2512 2107 vir·

609 2134 788 2209 tutis
841 2134 1168 2231 imperio
1224 2131 1536 2218 sublim,
1587 2132 1793 2206 nullo
1842 2134 2008 2231 jure
2061 2132 2329 2209 salibus
2388 2129 2515 2207 so·
2637 2177 2643 2180 -

613 2236 702 2308 lis
756 2232 1182 2313 vindicatur
1231 2232 1394 2306 haec
1442 2231 1803 2334 regularis
1868 2232 1948 2308 &
2011 2230 2516 2334 symmetrica

617 2330 1214 2425 concrescentia,
1268 2335 1627 2433 quamvis,
1714 2330 1975 2435 saepius
2064 2331 2516 2431 faciliusque

618 2446 1057 2511 exerceatur
1109 2435 1198 2509 ab
1253 2436 1442 2525 illis,
1494 2458 1657 2532 quae
1707 2432 2137 2532 aquasolvi
2174 2433 2515 2533 poss'unt.

618 2537 812 2613 Aliis
837 2554 1090 2609 tamen
1124 2536 1290 2623 vii3‚
1332 2534 1600 2631 quibus
1648 2555 1893 2632 partes
1935 2535 2401 2636 integrantes
2426 2534 2516 2609 fi-

617 2640 696 2711 ni
751 2633 1197 2709 sufficienter
1235 2634 1489 2709 divisae
1529 2633 1931 2731 liberaequc
1966 2632 2518 2726 finan-itidem

618 2732 947 2835 crystalli
1003 2733 1389 2833 prodeunt
1448 2734 1533 2834 (§.
1570 2734 1707 2825 IV,
1753 2733 1819 2807 B
1861 2732 1941 2809 &
1979 2734 2087 2832 C).

779 2882 869 2982 B)
919 2885 1406 2958 ExAMtNArts
1479 2883 1744 2959 salibus
1811 2883 2222 2976 luculenter
2296 2906 2521 2986 patet

623 3006 756 3059 eos
811 3006 904 3056 eo
959 2983 1374 3060 coalescere
1429 2981 1841 3076 difficilius,
1897 3010 2049 3083 quo
2099 2982 2523 3083 fimplicio-

621 3094 754 3159 res'
786 3080 978 3174 sunt,
1021 3084 1100 3159 ὃς
1147 3109 1299 3181 quo
1353 3086 1775 3185 generatim
1828 3085 2319 3180 eminentiori
2347 3111 2525 3187 gra-⁶

623 3184 728 3259 du
776 3184 1242 3280 qualitatibus
1288 3183 1619 3285 gaudent
1661 3184 1931 3259 salinis.
2032 3186 2350 3270 Adserti
2387 3212 2525 3263 ve·

622 3287 920 3360 ritatem
971 3286 1331 3359 evincunt
1379 3286 1591 3373 acida
1651 3284 2039 3360 mineralia
2101 3284 2181 3361 &
2244 3285 2527 3363 alkalia

625 3382 974 3477 caustica,
1039 3410 1201 3481 quae
1270 3384 1597 3483 pura&
1644 3386 1856 3458 omni
1924 3384 2460 3487 heterogeneo
2503 3441 2529 3481 ,

623 3505 983 3581 quantum
1049 3485 1218 3560 fieri
1284 3483 1569 3583 potest,
1622 3484 1975 3583 ¹privata,
2046 3487 2223 3577 vix,
2274 3510 2363 3562 ac
2420 3513 2529 3575 ne

625 3585 971 3683 quidem,
1021 3582 1100 3659 in
1150 3582 1546 3685 crystallos
1606 3584 1905 3673 abeunn

767 3752 854 3847 C)
906 3750 1194 3828 Forum
1268 3749 1542 3829 fimiles
1605 3771 1763 3842 non
1811 3748 2155 3853 pendent
2215 3750 2311 3841 ab
2368 3757 2539 3936 agi-

2480 3887 2540 3939 o
