2760 4749
617 338 780 437 384
999 318 1128 409 De
1177 270 1727 434 Praecipitaiis
1768 316 2255 415 Metanicis.
2362 304 2375 315 ’

607 558 1020 637 numquam
1069 534 1493 615 invertitur.
1574 534 1901 611 Zincum
1950 532 2163 614 ferro
2208 562 2513 639 praeva·

511 722 524 735 .
607 638 754 728 let,
801 639 954 713 hoc
988 636 1320 746 plumbo
1347 693 1378 728 ,
1442 635 1840 737 plumbum
1900 634 2169 713 stanno
2198 691 2227 731 ,
2316 640 2515 717 stan·

607 740 795 818 mim
851 760 1132 839 cupr0,
1183 762 1501 840 cuprum
1530 759 2331 843 ingemmati-gentum
2374 741 2513 844 hy-

609 840 998 943 drargyro
1019 892 1042 931 ‚
1085 840 1166 915 δε
1215 863 1384 937 quae
1430 834 1599 913 sunt
1648 839 1981 938 reliqua,
2048 841 2343 915 accidit
2420 864 2511 918 ta-

607 962 790 1017 men
837 962 920 1015 ut
971 940 1403 1030 metallum,
1456 938 1665 1037 quod
1710 964 1811 1015 ex
1862 962 2018 1015 uno
2068 940 2513 1037 menstruO,

607 1043 720 1119 uti
777 1039 1005 1117 debet
1027 1092 1050 1133 ‚
1108 1039 1428 1117 alterum
1492 1038 2029 1117 metalliforme
2098 1041 2511 1136 deturbat,

608 1143 812 1219 idem
865 1164 962 1217 ex
1016 1142 1165 1215 alio
1223 1165 1387 1215 non
1438 1138 1577 1216 nifi
1628 1142 1959 1232 calcem,
2014 1138 2103 1217 ἃ.
2172 1166 2222 1219 e
2282 1146 2513 1220 tertio

605 1243 934 1319 omnino
987 1241 1181 1315 nihil
1241 1240 1567 1339 dejiciat.
1676 1242 2075 1318 Nonnulla
2148 1246 2513 1345 exempla

605 1341 994 1424 illustrent.
1095 1344 1421 1418 Zincum
1496 1364 1590 1416 ex
1642 1344 1861 1419 acido
1908 1346 2319 1421 muriatico
2372 1348 2509 1421 fer·

608 1469 778 1521 rum
843 1440 1132 1544 separat
1191 1440 1772 1537 metalliforme,
1842 1466 1937 1518 ex
2012 1445 2249 1521 acido
2341 1449 2511 1521 nitri

605 1547 744 1623 vix
795 1543 930 1620 nifi
980 1543 1442 1619 calciforme.
1544 1545 1763 1620 Num
1851 1546 2052 1621 zinci
2106 1546 2189 1619 in
2276 1547 2509 1647 poste·

607 1648 802 1723 riori
861 1642 1031 1721 casu
1087 1645 1413 1720 laxatum
1469 1641 1913 1746 phlogiston
1974 1669 2127 1743 qua
2200 1652 2511 1749 copiam

605 1744 1051 1825 insufficiens
1125 1744 1272 1842 fit,
1314 1743 1528 1821 ferro
1592 1748 1836 1848 magis
1903 1770 2343 1846 pauperato
2402 1774 2509 1825 re·
2624 1782 2626 1791 ·

606 1844 1016 1924 ducendo?
1061 1846 1275 1922 Ferri
1335 1868 1590 1921 tamen
1636 1845 2068 1938 moleculae,
2124 1847 2317 1925 licet
2382 1853 2506 1925 ini·

603 1951 712 2025 tio
762 1948 1188 2049 metallicae,
1237 1949 1318 2023 in
1355 1945 1777 2037 menstruO,
1833 1945 2269 2050 praesettitn
2304 1952 2506 2051 phlo-
2624 1970 2626 1989 ¹

605 2047 777 2153 gisti
821 2050 1098 2137 avido,
1146 2050 1300 2123 cito
1335 2048 1564 2124 etiam
1618 2045 1970 2123 calcindri
1996 2046 2351 2149 poffunt.
2404 2052 2505 2127 Ex
2624 2036 2626 2063 '

608 2149 830 2227 acido
885 2146 1051 2225 salis
1100 2145 1444 2225 stannum
1491 2170 1642 2249 >ope
1690 2146 1983 2248 plumbi
2047 2150 2135 2224 in
2193 2150 2507 2253 conspe·
2625 2150 2626 2235 l

605 2250 808 2330 stum
856 2251 1070 2326 venit
1110 2246 1359 2326 forma
1409 2250 1787 2352 completa
1828 2246 2280 2328 instructum
2306 2306 2332 2347 ‚
2388 2252 2507 2331 sed

605 2377 649 2432 e
705 2348 981 2448 nitroso
1039 2350 1226 2428 nihil
1273 2349 1595 2444 decidit,
1671 2347 1754 2428 &
1824 2371 1920 2426 ex
1982 2371 2205 2428 aceto
2298 2357 2507 2432 calci·

603 2453 883 2548 forme,
915 2454 1139 2528 etiam
1185 2452 1562 2528 mediante
1596 2450 1807 2527 ferro
1844 2452 1925 2529 &
1948 2454 2200 2529 zinco.
2264 2457 2511 2533 Plum-

603 2558 784 2635 bum
833 2579 930 2632 ex
981 2575 1189 2628 aceto
1248 2555 1329 2628 in
1374 2549 1703 2628 immisso
1771 2551 1981 2630 ferro
2052 2552 2257 2628 nihil
2352 2558 2511 2634 fere

603 2658 948 2736 demittit.
1055 2655 1203 2732 Hae
1247 2655 1556 2754 aliaeque
1620 2655 2013 2730 anomaliae
2084 2652 2355 2736 dedita
2430 2685 2508 2734 o-

497 2789 506 2796 ·
601 2782 786 2862 pera
837 2761 919 2834 in
970 2754 1318 2838 destrina
1369 2752 1893 2830 attrastionum
1951 2757 2511 2837 examinabun·
2622 2793 2624 2804 ·

599 2879 721 2937 tur
751 2913 770 2949 ,
822 2860 991 2936 heic
1038 2854 1568 2938 tantummodo
1623 2856 2063 2958 generatim.
2094 2879 2515 2953 notamu5‚
2622 2813 2624 2922 l

654 2958 806 3034 uod
860 2963 1172 3067 exiguus
1213 2955 1409 3034 acidi
1464 2955 1789 3034 exceffus
1851 2955 1937 3032 fit
2002 2957 2514 3055 necessariuS,
2623 2979 2624 2990 ¹

595 2985 749 3137 gne
798 3086 952 3159 quo
1008 3061 1208 3137 nulla
1260 3059 1527 3158 incipit
1569 3059 2060 3160 praecipitatio
2108 3059 2213 3158 s),
2276 3083 2359 3137 at
2388 3065 2513 3140 in·
2622 2991 2624 3149 Ι

597 3159 826 3262 fignis
897 3162 1350 3239 abundantia
1410 3162 1631 3235 etiam
1695 3157 2062 3258 impedit,
2136 3167 2515 3261 praecipi-

597 3258 928 3360 tandum,
965 3264 1240 3338 iterum
1289 3260 1682 3338 solvendo.
1786 3261 2153 3336 Praeterea
2199 3265 2511 3363 ponde·

597 3387 681 3440 ra
730 3363 1177 3463 praecipitati
1219 3361 1300 3436 &
1344 3363 1878 3464 praecipitantis
1922 3359 2149 3437 soluti
2195 3366 2513 3447 fibimet

549 3521 552 3526 -
597 3465 932 3542 invicem
987 3485 1148 3540 non
1196 3459 1691 3560 respondent.

2278 3669 2349 3768 §-
2398 3673 2508 3748 V.

546 3901 556 3908 ι
681 3824 740 3902 s)
785 3822 915 3885 Hoc
958 3819 1176 3902 primus
1223 3816 1539 3890 observavit
1580 3822 1673 3887 Cl.
1718 3821 1917 3884 Gaas.
