2760 4749
670 396 832 494 458
1047 375 1170 466 De
1232 376 1463 466 Tubo
1498 375 2216 490 ferruminatorio.

665 617 854 696 pus,
905 589 1036 668 hic
1085 589 1322 670 labor.
1404 593 1691 671 Totum
1740 612 1993 668 autem
2038 593 2125 668 in
2192 614 2291 668 eo
2356 595 2586 672 confi·

665 693 788 772 stit
833 693 1279 786 artificium,
1324 714 1404 770 ut
1465 696 1665 772 inter
1714 693 2217 770 hauriendum
2268 718 2585 796 per-na·

666 819 790 874 res
837 806 1090 873 aerem
1127 850 1149 889 ,
1203 796 1328 872 ille
1357 851 1383 888 ,
1426 797 1556 896 qui
1608 821 1745 872 ore
1798 794 1909 871 est
1965 795 2294 872 inclusus
2324 854 2350 886 ‚
2412 797 2585 872 buc-

667 919 792 973 cas
839 897 1432 998 comprimendo
1480 921 1623 1001 per
1676 895 1943 976 tubum
2012 900 2315 974 exitum
2386 924 2586 998 quae-

667 1021 842 1080 rere
901 1020 1248 1102 cogatur.

729 1181 735 1187 ·
815 1152 1275 1232 NoNNvLus
1327 1152 1491 1230 haec
1540 1175 1912 1256 perquam
1962 1150 2287 1232 difficilis
2362 1150 2471 1228 est
2516 1177 2587 1229 o·

664 1254 1000 1354 petatio,
1045 1249 1175 1332 sed
1223 1251 1489 1354 saepius
1534 1254 1906 1332 tentando
1973 1254 2101 1330 hic
2184 1277 2587 1354 compara-

664 1375 786 1434 tur
813 1353 1133 1448 habitus,
1167 1378 1321 1454 quo
1354 1353 1746 1454 adquisitO,
1780 1380 1920 1456 per
1970 1353 2179 1432 horae
2214 1356 2589 1454 quadran·

666 1476 776 1530 tes
820 1454 1157 1548 &ultra‚
1189 1459 1639 1536 continuum
1684 1460 1880 1534 aeris
1914 1456 2196 1534 flumen
2250 1455 2589 1556 praestari

664 1553 963 1662 potest,
1019 1555 1226 1655 quod
1282 1558 1564 1632 nullum
1614 1558 1815 1634 aliud
1870 1557 2113 1633 adfert
2148 1558 2588 1632 incommo-

668 1657 892 1752 dum,
947 1683 1174 1756 quam
1213 1657 1659 1758 labiorum,
1730 1658 1996 1735 tubum
2064 1659 2592 1760 comprimen-

666 1759 893 1854 tium,
956 1757 1491 1847 lasfitudinem.

1504 1927 1571 2027 ς.
1619 1927 1757 2005 1v.

1027 2129 1037 2139 ·
1183 2026 1621 2118 Flamma
1687 2029 2075 2118 idonea.

819 2138 1054 2238 Qoo
1110 2165 1372 2244 nuper·
1413 2144 2007 2218 memoravimus
2054 2138 2251 2213 aeris
2290 2140 2589 2216 flumen

668 2264 840 2316 eum
892 2245 970 2316 in
1025 2241 1258 2318 finem
1299 2241 1404 2320 est
1451 2239 1981 2332 necessarium,
2018 2263 2101 2317 ut
2152 2239 2479 2316 flamma
2510 2243 2591 2314 in

666 2345 1059 2421 materiam
1109 2343 1659 2453 explorandam
1703 2344 2042 2446 pe‘llatur.
2148 2342 2353 2416 Haec
2400 2339 2593 2440 justo

666 2445 913 2543 major
967 2447 1264 2523 flumini
1312 2458 1536 2523 aereo
1593 2471 1796 2549 aegre
1848 2448 2089 2539 cedit,
2138 2443 2339 2543 justo
2394 2465 2591 2520 vero

666 2547 926 2623 minor
971 2546 1613 2627 effeaum-nimis
1666 2548 2000 2625 debilem
2049 2544 2381 2648 praestat.
2458 2546 2589 2627 lta-

667 2672 814 2747 que
865 2649 1178 2725 candela
1227 2648 1674 2729 adhibeatur
1720 2649 2117 2751 gracilior,
2168 2644 2295 2737 D,
2365 2668 2591 2722 cerea

666 2750 794 2827 vel
849 2749 1198 2843 sebacea,
1250 2750 1646 2853 ellychnio
1701 2749 2055 2828 instrusta
2106 2746 2591 2852 goffypino‚

665 2853 794 2941 kl,
849 2852 1057 2953 quod
1107 2853 1320 2953 apice
1369 2850 1725 2929 exustum·
1781 2856 1887 2931 ita
1952 2849 2057 2929 est
2129 2847 2588 2925 abscinden-

667 2953 849 3028 dum
886 3012 908 3043 ‚
961 2976 1043 3029 ut
1097 2952 1474 3030 residuum
1543 2955 1845 3030 curvari
1915 2952 2247 3054 paullum
2315 2970 2593 3047 queat,

662 3054 828 3129 lm:
886 3055 1106 3156 supra
1153 3078 1546 3157 propeque
1596 3056 1798 3131 hunc
1850 3080 2109 3133 arcum
2174 3050 2269 3125 ad
2329 3052 2369 3123 l
2409 3076 2589 3127 nor·

666 3157 964 3231 maliter
1013 3156 1388 3233 orificium
1426 3183 1483 3259 g
1530 3154 2009 3247 detineatur,
2070 3155 2148 3231 &
2202 3156 2286 3227 vi
2336 3174 2589 3253 aequa·

664 3252 798 3330 bili
859 3268 985 3334 aer
1039 3261 1531 3358 exprimatur.

811 3392 872 3466 F
878 3380 1192 3480 ιΑΜΜᾼ,
1246 3391 1326 3464 vi
1374 3390 1563 3465 aeris
1620 3390 2088 3491 erumpentis
2142 3406 2286 3485 per
2374 3382 2593 3461 orifi-

666 3493 862 3567 cium
920 3496 996 3567 in
1044 3491 1232 3565 larus
1281 3488 1539 3565 madia
1578 3545 1599 3580 ‚
1648 3489 2030 3591 duplicem
2093 3486 2305 3561 simul
2382 3510 2593 3586 prae-

664 3596 792 3669 bet
841 3594 1354 3695 apparentiam
1406 3590 1873 3669 distinetam:
1930 3590 2239 3667 alteram
2316 3588 2593 3663 interi·

662 3721 880 3775 orem
907 3752 923 3784 ‚
975 3697 1380 3783 comeam,-
1420 3696 1816 3769 caeruleam
1848 3746 1871 3783 ,
1918 3691 2165 3795 probe
2214 3692 2591 3765 termina·

663 3823 816 3877 tam
874 3799 1012 3891 ln,
1061 3822 1227 3896 quae
1275 3797 1489 3896 apice
1534 3822 1586 3873 n
1638 3792 2115 3871 fortissimum
2164 3791 2413 3867 exitat
2462 3814 2593 3963 <1:⁸-

1436 3937 1441 3944 ·
2508 3913 2593 3964 o-
