2760 4749
429 313 552 397 De
602 312 1102 395 minet-arum
1131 306 1584 413 Docimasia
1632 309 1995 397 humida.
2042 332 2202 430 443

483 523 824 597 Suu’mm
871 518 1108 610 solum
1163 517 1502 596 arsenico
1586 520 1987 598 adunatum
2062 548 2210 625 pro

314 620 612 698 diversa
682 618 839 695 doss
905 624 1146 695 varias
1209 643 1558 722 procreat
1638 624 1911 697 coloris
1977 649 2209 700 muta·

314 727 606 813 tiones,
650 746 716 795 ·a
792 720 1022 797 dilute
1091 720 1292 796 flavo
1351 722 1445 797 ad
1513 720 1801 797 intense
1870 725 2209 801 rubrum.

311 824 390 897 Si
448 845 694 897 autem
759 820 940 897 ferri
994 821 1340 923 notabilis
1386 823 1644 922 portio
1684 822 1893 919 fimul
1943 826 2207 917 intrat,

309 924 522 999 albus
577 925 983 1025 generatur
1039 922 1117 1019 &
1170 922 1400 1024 longe
1462 922 1599 999 alia
1673 922 2043 999 formatur
2107 922 2212 997 fa·

307 1028 464 1099 cies
547 1025 865 1139 pyritae‚
947 1024 1075 1122 qui
1159 1021 1397 1123 vulgo
1482 1022 1900 1099 arsenicalis
1981 1022 2205 1101 audit.

179 1183 190 1189 -
307 1124 557 1221 Hujus
605 1124 979 1224 principia
1027 1122 1393 1198 metallica
1448 1122 1681 1199 soluta
1745 1122 1966 1200 acido
2044 1123 2209 1200 salis
2285 1136 2293 1144 ‘

203 1262 212 1269 ·
307 1225 435 1301 vel
487 1250 671 1323 aqua
715 1225 974 1325 vregis³
1023 1222 1198 1299 dein
1249 1222 1489 1299 modo
1536 1250 1775 1325 nuper
1821 1224 2209 1326 descripto

309 1325 648 1428 disjungi
693 1326 1017 1424 poss'u-nt.

461 1426 1055 1523 C)'ARs13N1cuM
1104 1423 1531 1514 calciforme‚
1581 1422 1787 1522 quod
1858 1450 2034 1500 raro
2078 1450 2205 1500 ex-

307 1528 524 1601 hibet
580 1550 829 1603 natura
862 1578 884 1619 ‚
937 1524 1156 1601 acido
1226 1522 1392 1600 salis
1449 1522 1838 1625 suscipitur
1910 1527 1989 1603 &
2070 1549 2207 1600 ex-

304 1630 670 1729 ploratur.

484 1728 961 1807 GENERATIM
1060 1724 1259 1801 circa
1340 1721 1783 1801 arsenicales
1872 1726 2201 1801 minet-as

305 1828 729 1902 ca‘vendum
783 1825 933 1919 est,
983 1846 1064 1909 ut
1123 1826 1440 1899 nimium
1521 1825 1911 1926 usurpetur
2007 1826 2203 1900 acidi

303 1925 614 2021 nitrosi,
668 1951 894 2027 quum
944 1948 1038 2001 eo
1097 1923 1308 2002 facile
1359 1924 1893 2015 inflammabile
1968 1949 2203 2001 omne

303 2028 686 2108 auferatur
735 2027 816 2113 δι
887 2027 1178 2101 acidum
1246 2024 1647 2102 arsenicale
1719 2025 2201 2109 denudetur:

305 2132 664 2218 minima,
698 2153 864 2227 quae
892 2126 1244 2206 solutioni
1283 2123 1613 2201 sufficere
1646 2126 1888 2228 potest
1911 2181 1935 2220 ,
1973 2152 2201 2227 quan-

275 2234 470 2310 ·titas
521 2230 696 2303 ideo
745 2226 848 2305 est
899 2226 1372 2325 adhibenda,
1428 2229 1599 2303 alias
1654 2228 1851 2303 nulla
1905 2252 2051 2327 ope
2122 2250 2204 2302 a·

300 2401 308 2414 ..
355 2356 467 2412 uae
521 2330 1017 2432 praecipitatio
1062 2328 1311 2410 locum
1371 2327 1615 2409 habet.
1723 2329 1815 2404 Et
1868 2354 2023 2404 non
2069 2327 2203 2403 ob·

297 2357 535 2512 fiante
591 2431 730 2506 hac
791 2427 1191 2532 prudentia
1255 2428 1613 2506 rariffime
1693 2431 1964 2504 evitari
2025 2450 2201 2530 pot·

295 2529 404 2614 est
433 2586 454 2623 ,
508 2529 920 2631 praesertim
969 2531 1444 2606 diuturniore
1478 2528 1964 2621 decofflmxe,
2012 2531 2199 2627 quin

296 2633 768 2734 portiuncula
820 2631 1018 2705 acidi
1071 2628 1493 2708 arsenicalis
1570 2631 2039 2722 denudetur,
2100 2627 2195 2705 ad

294 2736 568 2813 ficcum
624 2729 1076 2831 vaporando
1127 2729 1684 2830 recuperanda,
1738 2757 1909 2806 raro
1938 2732 2198 2805 'tamen

294 2834 494 2927 sola,
551 2831 678 2907 sed
724 2856 870 2932 pro
921 2853 1002 2906 re
1056 2851 1224 2906 nata
1283 2831 1362 2908 δι
1413 2833 1869 2910 attrastionis
1914 2830 2197 2934 regulis

294 2953 850 3036 congruenter,
890 2929 1164 3012 sociata
1197 2930 1584 3022 alkalibus,
1631 2934 1846 3012 terris
1880 2930 2000 3006 vel
2040 2945 2197 3006 me-

293 3036 494 3110 tallis·
531 3030 1019 3135 praesentibus
1055 3032 1161 3130 p).
1223 3031 1585 3113 Ceterum
1621 3031 1935 3113 arsenici
1980 3030 2195 3132 quid-'

295 3160 526 3242 quam
575 3133 796 3216 facile
848 3131 1116 3214 avolat.
1874 3133 2162 3336 §.Xn's

382 3395 468 3474 q)
515 3391 766 3469 Regulus
806 3388 1036 3452 arrenici
1083 3389 1168 3450 via
1208 3385 1348 3454 {icco
1396 3386 1847 3454 commodiffime
1886 3389 1961 3451 ite
1988 3389 2189 3471 adqui·

397 3475 406 3478 “
457 3475 619 3538 titur.
709 3470 1044 3540 Arsenicum
1097 3472 1294 3534 album
1363 3491 1497 3535 cum
1542 3473 1714 3550 triplo
1774 3473 1969 3536 fluxus
2035 3472 2193 3552 nigri

458 3556 709 3636 pondere
749 3555 1077 3614 immin-itur
1134 3555 1477 3624 crucibulo,
1538 3557 1633 3616 eui
1692 3553 1862 3618 aliud·
1904 3553 2191 3616 inversum

459 3641 638 3717 probe
679 3636 1108 3716 ndgiutinntur‚
1150 3637 1294 3697 adeo
1334 3653 1399 3696 ut
1439 3637 1595 3702 nulla
1634 3637 1779 3701 tima
1831 3643 2015 3698 aerem
2070 3657 2191 3698 am·

415 3725 428 3736 ’
459 3725 708 3782 δίεηῑεπι
768 3719 1046 3784 admittat.
1152 3721 1282 3779 Hoc
1331 3717 1481 3780 facio
1535 3718 1769 3783 inferiufl
1824 3720 2190 3782 crucibulum

455 3807 580 3889 igni
608 3799 804 3870 senssm
833 3803 1140 3890 exponitur
1166 3819 1348 3880 usque
1371 3799 1443 3866 nd
1488 3799 1930 3869 candescentinm
1949 3843 1972 3883 ‚⁸
2008 3799 2073 3870 eg
2106 3801 2190 3870 in.
