2760 4749
653 332 843 419 320«
1175 288 1300 392 De
1355 296 1713 395 Mineris
1774 300 2041 397 Zinci.

637 501 1129 619 nemorenfintg
1156 518 1325 598 rufe
1333 516 1663 598 scentem
1697 511 2243 620 Sablbergensem
2274 516 2367 601 &
2392 542 2537 601 me·

637 621 894 700 tallico
941 621 1648 739 nitorepraedita‘m
1696 616 2187 719 Bovallensem.

611 868 626 887 ,
786 791 1042 870 Fama
1097 792 1192 869 ad
1245 791 1654 895 chalybem
1708 814 1867 867 non
1914 786 2309 879 scintillat,
2378 788 2537 891 pul·

509 905 516 913 “
635 911 936 971 vetem·
974 893 1288 973 exhibet
1375 893 1725 985 badium,
1810 890 1944 968 sub
2018 888 2535 969 incalescentia

622 994 1080 1097 ‚deci-epitat,
1124 992 1364 1071 fumat
1413 993 1655 1072 odore
1707 990 2081 1095 sulphuris
2122 990 2200 1067 δι
2245 994 2336 1069 in
2389 1015 2535 1068 car·

631 1096 838 1174 bone
891 1091 1118 1173 flores
1157 1095 1483 1198 deponit
1526 1096 1799 1195 partim
1854 1093 2063 1177 albos
2110 1094 2533 1193 (zincinos),

628 1199 908 1301 partim
962 1197 1205 1273 flavos
1251 1196 1730 1298 (plumbeos).
1830 1196 2178 1295 Magneti
2216 1195 2531 1270 minime

603 1299 1108 1400 obtemperat
1153 1298 1623 1391 neceruda,
1678 1318 1821 1372 nec
1886 1293 2061 1371 usta.
2176 1292 2531 1371 Flamma

516 1436 519 1444 ¹
627 1402 732 1481 ita
787 1398 1199 1502 exposita,
1271 1420 1353 1475 ut
1424 1420 1617 1499 apex
1706 1392 1987 1473 divisus
2067 1393 2528 1488 refiefi'tatur‚

627 1499 751 1577 hic
821 1524 982 1577 non
1043 1523 1216 1578 raro
1267 1501 1493 1607 zinco
1538 1496 1810 1577 tinans
1855 1516 2186 1603 apparet.

785 1677 1142 1752 Saeuum
1229 1698 1500 1777 parum
1590 1684 1927 1751 mutatur·
1984 1670 2519 1773 pulveratione.

619 1775 980 1881 Chalybe
1035 1776 1370 1853 scintillae
1405 1775 1574 1852 elici
1622 1771 1926 1876 possunt
1978 1770 2079 1849 ob
2134 1776 2519 1847 matricem

525 1922 534 1927 -
624 1878 1110 1976 quartsosam.
1236 1877 1417 1953 Nec
1495 1876 1956 1978 decrepitat,
2037 1895 2205 1957 nec,
2263 1871 2521 1957 fumat,

621 1980 706 2055 &
765 2000 992 2079 parce
1041 2000 1342 2077 quoque
1377 1978 1607 2054 flores
1638 1974 1972 2079 generatss
2078 1974 2277 2053 Non
2325 1996 2517 2052 num·

493 2139 510 2155 ,
621 2102 848 2179 quam
898 2100 1153 2154 tamen
1202 2080 1591 2175 flammam
1642 2078 1902 2179 tingit..‚

777 2228 1097 2325 Taam'
1139 2243 1539 2346 pulverem
1580 2243 1897 2323 exhibet
1940 2265 2039 2319 ex
2069 2240 2288 2319 fusco
2338 2241 2515 2317 cine·

619 2371 838 2426 reum
859 2403 880 2440 ,
929 2371 1092 2424 non
1119 2348 1577 2448 decrepitat,
1627 2348 1948 2450 guttulas
1977 2343 2293 2424 exsudat
2324 2342 2517 2423 flam·

620 2475 769 2528 mae
821 2451 1034 2552 apice
1086 2467 1327 2545 torta,
1378 2445 1757 2548 floresque
1806 2446 2116 2558 spargit.

658 2667 667 2674 -
775 2617 924 2694 Sat.
975 2613 1589 2712 microcosmicus
1640 2609 1867 2692 solvit
1915 2616 2303 2718 primam,
2356 2613 2435 2692 &
2465 2613 2519 2688 i·

621 2717 814 2792 nitio
859 2719 1197 2820 opacam<
1238 2716 1483 2792 induit
1547 2715 2020 2812 albedinem,
2073 2715 2205 2795 sed
2272 2715 2515 2793 addito

619 2816 890 2918 aequali
979 2817 1172 2900 fere.
1205 2818 1638 2911 volumine,
1686 2818 2087 2921 nigrescit.
2191 2814 2517 2895 Secunda

620 2939 1034 3016 numquam
1081 2941 1237 2995 tota
1295 2915 1729 3021 suscipitur,
1783 2917 2265 3021 quartsosum
2330 2920 2515 2995 enim

619 3019 954 3104 matricis
981 3040 1355 3101 remanet:
1403 3019 1753 3124 globulus
1796 3045 2154 3098 oneratus
2184 3015 2513 3108 lactescit.

605 3109 884 3194 'Tertia
930 3145 1102 3195 cum
1165 3120 1170 3124 ’
1211 3145 1394 3197 arva
1447 3115 2018 3219 effervescentia
2081 3121 2405 3198 solvitur
2448 3115 2515 3192 &

477 3237 484 3242 ’
617 3212 971 3318 globulus
1023 3220 1126 3294 ob
1160 3243 1510 3315 curatur,
1556 3223 1893 3325 paullum·
1938 3220 2425 3302 caerulescens
2458 3221 2519 3319 (e

511 3412 520 3419 ⁸
620 3323 934 3412 cupro),
991 3319 1119 3396 sed
1172 3322 1649 3400 diuturniore
1692 3323 1987 3408 fufione
2031 3323 2317 3404 tinstus
2360 3343 2520 3402 evae

618 3417 896 3500 nescit..
989 3423 1257 3500 Nimio
1299 3446 1687 3524 opacatur.

762 3553 893 3667 ΠΒ
936 3592 1244 3696 finguli's
1297 3599 1735 3677 notandum·
1774 3599 1926 3692 est,
1976 3603 2190 3705 quod
2229 3599 2361 3680 sub
2408 3596 2519 3674 so.

563 3761 567 3766 ·
617 3683 912 3808 lunone
964 3699 1150 3780 tales
1193 3699 1600 3779 flammulae
1632 3717 2076 3806 erumpant,
2117 3704 2375 3810 quales
2396 3725 2517 3778 an.

927 3830 937 3836 “
1950 3858 1954 3868 ·
2404 3823 2517 3880 tea
