2760 4749
871 351 995 441 De
1053 371 1276 440 terra
1321 351 1616 460 silicea.
2065 379 2175 470 43

293 568 446 642 huc
479 590 634 642 non
669 566 1076 665 pertinent,
1120 561 1495 645 ubiunice
1526 564 1624 646 de
1660 564 1908 646 filiceo
1944 587 1983 642 a
2044 586 2183 642 en-

298 665 511 760 dum,
531 687 817 743 tantum
856 686 1104 744 autem
1132 666 1433 744 adferre
1462 667 1944 748 neceffarium
2022 667 2181 743 uxi-

299 791 492 861 ωας,
543 765 924 867 quantum‘
957 766 1092 846 fini
1127 769 1281 867 jam
1310 767 1704 871 propofito
1746 769 2183 850 conveniat.

451 916 882 1016 QJAERITUR
935 918 1165 1022 igitur
1232 917 1409 996 unde
1446 920 1757 1017 siliceum
1803 923 1883 998 in
1948 936 2187 1018 opera·

297 1021 488 1100 tione
535 1016 808 1094 obvium
843 1019 947 1116 fit
996 1019 1455 1096 derivandum
1473 1021 1514 1096 ,2
1576 1023 1793 1100 Num
1848 1044 1891 1098 e
1938 1019 2183 1098 fluore

301 1120 651 1196 minerali
723 1118 1076 1198 edustum
1143 1120 1224 1199 &
1271 1120 1405 1199 alis
1457 1121 1651 1200 acidi
1706 1122 1967 1198 fluoris
2016 1121 2186 1198 alle·

308 1225 622 1302 vatum?
675 1220 890 1299 Num
946 1244 1043 1300 ex
1108 1221 1274 1320 ipso
1331 1221 1505 1299 vase
1560 1225 1811 1298 vitreo
1861 1223 2184 1298 extrica·

307 1326 516 1406 tum?
569 1320 790 1398 Plura
837 1347 1022 1398 mox
1060 1317 1473 1400 adferenda
1507 1344 1895 1400 momenta
1941 1321 2185 1398 neutri

303 1421 574 1497 favent
627 1422 1017 1523 opinioni,
1087 1421 1168 1500 δε
1220 1421 1417 1499 hanc
1482 1427 1878 1500 materiem
1930 1425 2185 1523 potius

295 1519 751 1623 productam
792 1527 1401 1600 innuunt-omnia
1442 1525 1524 1602 in
1552 1526 1747 1602 hanc
1794 1547 1963 1601 rem
2002 1524 2183 1606 huc-

295 1647 536 1727 usque
588 1623 916 1703 instituta
963 1624 1396 1702 tentamina.

471 1801 587 1856 120
649 1775 883 1876 Quot)
943 1774 1268 1852 filiceum
1323 1775 1563 1862 hocce
1616 1777 2002 1852 immerito
2054 1771 2189 1852 ad·

301 1874 670 1954 scribatur
723 1874 856 1977 ipfi
907 1875 1125 1955 fluori
1168 1878 1513 1954 minerali
1544 1877 1743 1956 haud
1791 1873 2189 1952 difficulter

302 1979 586 2071 elucet,
641 2002 813 2053 nam
861 1976 1033 2053 licet
1090 1978 1212 2052 bic
1247 1978 1444 2056 fluor
1492 1978 1871 2054 interdurn
1926 1976 2189 2056 foveat

289 2082 658 2170 filiceum,
701 2079 852 2154 hoc
902 2100 1157 2154 tamen
1208 2104 1366 2157 non
1422 2078 1713 2184 semper
1762 2079 2067 2162 accidit,
2104 2077 2185 2155 δε

303 2181 552 2256 nihilo
612 2179 856 2254 minus
910 2203 1118 2278 aeque
1179 2182 1318 2258 tale
1373 2181 1703 2283 porrigit
1746 2205 1839 2256 eo
1887 2182 2189 2279 penitus

301 2305 596 2372 carenS,
646 2304 732 2356 ac
785 2281 912 2379 qui
962 2305 1054 2354 eo
1111 2277 1212 2356 est
1257 2280 1647 2381 praeditus,
1708 2282 2184 2380 Garpenber·

301 2384 546 2486 geniis
594 2382 861 2461 viridis
927 2406 988 2457 e.
1043 2406 1116 2482 g.
1171 2383 1388 2457 omni
1443 2380 1689 2461 filiceo
1739 2380 2195 2479 plerumque

307 2486 408 2563 est
437 2483 772 2575 orbatus,
797 2481 1119 2579 ideoque
1149 2503 1348 2560 totus
1373 2502 1689 2580 quantus
1716 2480 1903 2563 solvi
1932 2476 2181 2579 potest

301 2586 522 2661 acido
577 2606 732 2659 tam
802 2582 1129 2675 nitros0,
1191 2606 1413 2680 quam
1470 2583 1881 2657 muriatico.
1949 2579 2184 2661 ‘Haec

301 2686 575 2767 solutio
622 2681 884 2759 addito
937 2683 1160 2757 alkali
1214 2682 1535 2763 caustico
1585 2683 2012 2783 praecipitat
2053 2701 2187 2754 ve·

299 2814 468 2868 rum
527 2786 873 2877 fluorem,
930 2785 1137 2859 nullo
1190 2783 1427 2859 modo
1482 2784 1839 2859 inuratum
1858 2806 1879 2876 3
1931 2792 2187 2863 a'e’rato

301 2913 498 2968 veto
551 2883 857 2975 decidit,
903 2910 1054 2986 ope
1107 2883 1431 2985 duplicis
1482 2882 1969 2969 attractionis
2020 2880 2185 2959 calx

301 3001 594 3075 aerata:
675 2983 1025 3071 instillato
1103 2984 1320 3064 acido
1397 2986 1779 3069 vitriolico
1851 2980 2183 3087 gypsum

301 3113 568 3175 oritur,

457 3267 581 3321 ατο
635 3239 878 3341 Qum
913 3240 1188 3315 vitrum
1238 3237 1433 3321 acidi
1463 3236 1721 3338 fluoris
1766 3232 2179 3334 vaporibus

298 3343 798 3433 corrodatur,
854 3342 1110 3441 primo
1187 3339 1455 3416 intuitu
1514 3360 1669 3411 non
1724 3333 2183 3436 inprobabili

299 3442 739 3543 conjeEAEuta
767 3443 845 3516 in
893 3441 1021 3515 illo
1051 3440 1407 3537 quaeritur
1438 3436 1763 3513 filiceum
1803 3434 2187 3535 prodienS,

299 3546 443 3621 Sed
500 3542 946 3620 observetur
993 3560 1318 3641 oportet,
1377 3536 1584 3639 quod
1634 3562 1857 3638 parca
1903 3532 2062 3610 dost
2104 3533 2188 3625 ὃς

295 3646 452 3721 leni
507 3647 688 3749 igne
755 3642 1076 3719 siliceum
1133 3644 1358 3715 etiam
1415 3638 1709 3738 adquiri
1760 3635 1979 3739 poffit
2033 3634 2190 3722 fino

296 3748 444 3823 ulla
499 3743 963 3822 corrofione.
1011 3742 1379 3819 Praeterea
1435 3738 1766 3819 corrosio
1793 3735 2191 3842 quantitati

299 3846 528 3927 filicei
549 3872 710 3925 non
739 3847 1115 3949 congruit.
2065 3854 2195 3943 330
