2760 4749
694 359 855 488 3oo
1338 327 1468 430 De
1541 329 1962 443 Arsenico;

684 542 995 624 attrahit
1067 555 1423 634 aereum,
1492 568 1647 644 quo
1717 541 1980 622 sensim
2029 543 2274 646 ,praeci
2335 544 2590 622 itatur.

682 646 951 748 Butyri
997 643 1285 750 genesis
1331 665 1548 723 antea
1593 643 1696 722 est
1737 647 2106 745 explicata
2157 645 2245 746 (§.
2327 646 2450 740 11,
2487 647 2596 742 ὓς

684 747 846 839 vl,
896 745 1007 828 C).
1060 749 1359 824 Notatu
1407 745 1510 825 est
1557 747 2110 852 dignissimum‚
2163 745 2371 846 quod
2408 772 2612 842 cum·

682 846 905 926 acido
948 845 1110 929 salis
1176 845 1367 924 adeo
1449 846 1660 924 tarde
1717 847 2267 951 conjungatur,
2347 869 2434 923 ut
2511 845 2590 924 se

680 949 1019 1025 invicem
1069 950 1440 1051 repellere
1487 949 1929 1042 videantur,
1978 971 2119 1026 nec
2167 947 2362 1025 ultra
2421 971 2590 1024 cer-

678 1071 844 1128 tum
908 1052 1321 1128 terminum
1409 1050 1666 1128 locum
1734 1049 1965 1128 habet
2037 1051 2244 1126 unio.
2363 1052 2590 1150 Aqua

680 1150 1040 1228 destillata
1091 1150 1379 1255 butyro
1427 1149 1677 1228 addita
1726 1150 2124 1254 pulverem
2163 1149 2414 1227 album
2457 1154 2586 1227 de-

676 1253 841 1354 jicit
864 1304 887 1344 ,
934 1253 1067 1353 qui
1120 1255 1244 1330 vel
1290 1254 1584 1354 optime
1629 1253 1874 1346 lotuS‚
1919 1251 2330 1354 quidquam
2386 1251 2588 1328 acidi

679 1355 997 1448 retinet,
1042 1377 1275 1454 quum
1329 1356 1410 1430 in
1461 1351 1960 1432 destillatione
2030 1352 2586 1456 portiunculam

678 1453 943 1557 butyri
1051 1453 1325 1532 raebeat
1353 1506 1377 1548 ‚
1441 1453 1650 1554 quod
1697 1457 1926 1534 etiam
1993 1455 2197 1530 valet
2273 1452 2374 1531 de
2419 1455 2586 1555 pul·

678 1579 865 1633 vere
914 1555 985 1632 A
1019 1558 1323 1660 gerotti.
1379 1556 1678 1647 §Fumus
1731 1556 2135 1659 peculiari,
2181 1577 2584 1657 penetran-

675 1659 789 1748 ti,
851 1655 933 1734 &
988 1657 1282 1734 acidum
1359 1657 1644 1734 vitrioli
1714 1655 2328 1760 phlogisticatum
2395 1681 2584 1756 quo-

678 1755 1102 1836 dammodo
1166 1756 1545 1836 referente
1604 1757 1844 1836 odore
1876 1811 1900 1853 ,
1970 1783 2324 1862 organon
2397 1753 2581 1835 olfa-

676 1857 839 1936 stus
892 1857 1197 1954 adficit,
1248 1858 1626 1972 floresque
1673 1861 1884 1938 albos
1933 1853 2276 1960 deponit.

830 2011 1133 2110 LtQJoR
1178 2007 1710 2112 superfluam,
1756 2038 1986 2114 quem
2038 2011 2213 2089 oleo
2281 2035 2588 2113 compa-

673 2133 850 2190 rant
902 2109 1280 2204 anantes,
1332 2112 1676 2190 flavescit
1723 2115 2202 2216 perluciduS,
2269 2136 2445 2187 cum
2511 2137 2586 2188 a·

675 2233 823 2314 qua
872 2212 954 2292 δι
1001 2211 1267 2314 spiritu
1321 2214 1486 2292 vini
1537 2216 1936 2318 pulverem
1987 2213 2238 2290 album
2303 2212 2582 2290 arseni·

675 2316 917 2393 celem
970 2338 1157 2391 mox
1211 2312 1536 2394 secernit
1549 2344 1574 2417 3
1623 2343 1796 2395 cum
1862 2314 2092 2394 acidis
2133 2313 2582 2393 fortioribus·

672 2443 837 2495 non
883 2416 1263 2514 turbatur3
1319 2444 1495 2493 cum
1567 2418 1929 2497 alkalibus
1993 2414 2424 2495 effervescit
2503 2417 2583 2497 ἃ.

730 2518 1213 2621 raecipitatur.
1318 2520 1396 2595 Si
1446 2523 1525 2596 in
1579 2520 1962 2597 cucurbita
2007 2518 2394 2621 longioris
2422 2518 2580 2594 col-

670 2546 726 2697 fl
775 2618 1167 2713 servatur,
1222 2618 1433 2695 nullo
1475 2620 1856 2699 cohibitus
1911 2618 2400 2711 obturaculo,
2438 2622 2577 2695 cir·

672 2746 759 2797 ca
815 2720 1196 2797 orificium
1248 2722 1478 2798 flores
1527 2724 1677 2799 albi
1733 2720 2001 2801 senfim
2061 2719 2584 2813 concrescunt,

669 2822 825 2897 laxi
873 2819 965 2898 δι’
1013 2847 1172 2899 non
1227 2848 1640 2921 numquam
1705 2849 1788 2900 cr
1851 2822 2215 2899 stallinam
2284 2820 2576 2899 festan-

665 2942 779 2997 tes
830 2920 1171 3020 figuram.
1224 2924 1579 3000 Tandem
1607 2923 1739 3000 sub
1807 2923 2189 3027 pontanea
2215 2946 2578 3024 evapora-

668 3024 879 3099 tione
926 3020 1019 3101 ad
1071 3020 1392 3100 fundum
1443 3027 1524 3101 in
1557 3025 1862 3126 liquore·
1893 3023 2222 3129 crystalli
2263 3024 2576 3101 nascun-

668 3144 791 3199 tur
838 3121 1245 3225 perlucidae
1278 3183 1303 3220 ‚
1362 3150 1528 3225 quae
1579 3125 2022 3203 difficillime
2072 3150 2260 3225 aqua
2313 3124 2578 3201 ebulli-

666 3244 841 3301 ente
915 3223 1361 3315 solvuntur,
1436 3223 1695 3304 solutae
1771 3228 1970 3304 vero
2017 3247 2422 3329 argentum
2479 3249 2574 3304 ex

658 3324 883 3403 acido
958 3325 1141 3397 nitri
1194 3326 1717 3425 praecipitant,
1771 3329 1892 3420 δε,
1972 3327 2240 3405 addito
2306 3326 2574 3419 alkali‚

662 3426 1084 3504 arsenicum
1135 3425 1559 3504 demittunt.
1692 3430 1780 3503 In
1835 3454 2022 3530 aqua
2075 3428 2300 3505 calcis
2355 3426 2574 3503 tarde

662 3530 828 3605 alba
880 3526 1247 3603 nubecula
1303 3550 1426 3605 eas
1473 3528 1908 3606 circumdat.
2032 3529 2207 3632 Igni
2280 3528 2567 3630 expost-

660 3652 757 3707 tae
806 3653 947 3706 nec
1000 3630 1420 3729 crepitant,
1480 3654 1622 3705 nec
1673 3630 2282 3731 perluciditatem
2355 3631 2569 3705 amit-

660 3753 867 3829 tunt,
914 3728 1039 3809 sed
1094 3752 1275 3811 totae
1326 3753 1623 3833 quantae
1669 3733 2160 3829 sublimantur
2200 3728 2356 3811 fine
2415 3730 2570 3907 usllo

2375 3857 2456 3908 ar
2492 3854 2558 3907 e-

2725 493 2727 610 l
