2760 4749
62 361 82 446 ὲ
219 286 350 397 Πε
383 305 900 415 minet-arum
929 302 1391 415 Docimasia
1422 305 1787 407 humida.
1828 304 1951 421 '41
1969 335 2013 421 3

69 582 74 615 2
267 522 544 599 Summa
595 516 1031 623 ponderum
1063 517 1527 623 singulorum
1573 520 2016 624 ingredien-

66 625 299 719 fitium
363 620 669 724 pondus
729 622 1291 722 explorandum
1358 621 1653 699 efficere
1732 622 2015 721 debet,

69 724 248 802 :nili
297 720 706 823 quamdam
758 722 893 799 sub
945 725 1399 824 operatione
1437 722 1800 821 ja&uram
1854 722 2015 817 fue-
2108 752 2115 759 ·

60 819 208 1005 {gt
270 824 472 1001 padsa
495 820 913 1001 &sali-{qu}
962 822 1296 905 defestus
1342 823 1683 926 sulphuri
1734 822 2015 901 destru-

449 950 490 1001 a
577 952 616 1001 c
787 951 836 1001 n
895 949 942 1000 u
979 983 996 1004 .

59 1119 68 1130 ¹
186 952 236 1003 ο
264 953 388 1127 ὃ)
453 950 791 1103 Μιωῗιὲ
879 948 1348 1203 Λῖιῇγιῃεηβε
1418 1025 1781 1108 hastenus
1852 1051 2016 1104 non

57 1144 71 1226 ᾗ
109 1127 250 1207 nifi
292 1130 599 1206 unicum
652 1126 815 1204 vidi
863 1126 984 1204 fru
1051 1127 1256 1219 ulum
1300 1130 1393 1227 c).
1504 1130 1682 1205 Hoc
1732 1125 2018 1207 constat

109 1228 414 1331 quartso
469 1232 914 1308 canescente
975 1229 1059 1305 ἃ.
1119 1230 1432 1305 materia
1505 1228 1799 1321 albida,
1860 1230 2016 1306 cul·

106 1353 232 1408 tro
279 1330 496 1423 rafili,
550 1324 934 1433 lapidique
975 1354 1343 1413 arenaceo
1396 1330 1600 1407 haud
1643 1330 2015 1429 dissimili,
2132 1398 2137 1405 .

55 1434 78 1485 1'
107 1458 278 1533 quae
345 1432 574 1508 acidis
655 1430 1048 1534 suscipitur
1139 1455 1313 1506 cum
1382 1431 1953 1511 effervescentia
1987 1487 2014 1529 ,

61 1533 497 1611 lmenstruo
556 1534 841 1629 nullum
892 1534 1336 1633 impertiens
1388 1532 1731 1609 tinstum.
1806 1535 2011 1611 Solu·

53 1644 74 1693 ἱ·
105 1639 212 1712 tio
274 1635 504 1711 alkali
580 1640 834 1711 ‘a'e'rato
911 1632 1345 1711 deturbatur
1415 1634 1580 1710 alba
1643 1634 1723 1711 &
1793 1635 2013 1711 alkali
2128 1692 2132 1697 -

103 1734 642 1839 phlogisticato
676 1759 715 1811 e
743 1732 954 1812 fusco
988 1735 1300 1811 flavenS.
1339 1737 1486 1810 Via
1524 1734 1709 1811 s1cca
1742 1736 2011 1813 eadem

101 1844 381 1915 matrix
413 1861 596 1913 mox
637 1836 716 1911 in
751 1840 930 1941 igne
973 1834 1333 1939 nigrescit
1362 1834 1443 1913 &
1474 1834 1699 1912 salem
1731 1842 2009 1914 micro-

51 1939 515 2039 }·cosmicum
567 1962 718 2038 pro
779 1961 863 2015 re
938 1963 1106 2014 nata
1166 1936 1290 2014 vel
1350 1938 1605 2031 nullo,
1659 1939 1782 2017 vel
1892 1966 1979 2017 ur

49 2053 349 2144 3puteo
402 2040 640 2117 inficit
691 2039 969 2116 colore.
1077 2038 1198 2115 Est
1242 2042 1492 2140 itaque
1523 1966 2008 2143 Magnesiam

49 2154 436 2219 'aetatum
485 2142 586 2240 d).
696 2140 899 2217 Huic
976 2143 1275 2218 matrici
1347 2139 1614 2243 sparsae
1686 2140 2010 2219 insident

51 2258 66 2343 ,Ὺ
99 2242 417 2319 lamellae
465 2242 829 2342 plumbeo
889 2240 1189 2335 colore,
1238 2243 1360 2316 vel
1440 2242 1688 2344 paullo
1746 2242 2008 2319 obscu-

48 2348 386 2439 ssriores,
437 2369 604 2446 quae
654 2343 894 2420 cultro
956 2340 1174 2420 facile
1239 2342 1602 2426 secantur.
1702 2344 1849 2422 Hae
1926 2369 2005 2422 a-

101 2471 246 2546 qua
323 2450 526 2549 regis
589 2445 887 2523 fervida
955 2448 1107 2522 cito
1173 2445 1428 2522 albent
1485 2447 1565 2524 δι
1634 2467 1815 2522 totae
1860 2444 2004 2523 sol-

48 2617 57 2632 ,.
101 2571 384 2624 vuntur
438 2573 606 2624 cum
651 2544 1260 2642 effervescentia,
1309 2547 1767 2624 menstruum
1796 2547 2002 2624 flavo

48 2651 504 2756 {tingentem
611 2649 899 2726 Solutio
965 2647 1094 2723 sub
1171 2647 1755 2752 refrigeratione
1822 2651 2003 2724 niti-

48 2751 232 2836 [das
310 2750 629 2850 deponit
694 2747 1082 2850 crystallos
1148 2750 1570 2826 aciculareS.
1712 2749 2003 2847 Maiori

47 2855 56 2942 ζ
100 2851 458 2952 adquisita
549 2853 862 2926 minerae
945 2854 1354 2950 quantitate
1436 2850 1619 2926 nulli
1712 2848 2003 2927 dubita·

48 2960 53 2970 ’
101 2977 264 3030 mus
294 3008 315 3046 ,
368 2954 548 3053 quin
611 2951 909 3027 idoneis
963 2952 1231 3027 mediis
1278 2953 1655 3054 principia
1726 2951 2001 3029 consti-

101 3074 253 3132 tuta
305 3057 428 3132 via
476 3055 791 3129 humida
831 3052 1161 3156 separari
1214 3072 1513 3152 queant.
1642 3150 1656 3166 ⁴
1786 3149 1794 3157 ἢ

1003 3272 1017 3287 .
1112 3208 1208 3289 V.

485 3331 897 3417 Minerae
957 3205 1594 3415 {latin-isera

246 3491 656 3596 Qum-rum
714 3490 1052 3588 constat,
1109 3491 1262 3570 hoc
1305 3490 1565 3570 nobile
1607 3487 1993 3568 metallum

1830 3615 1993 3680 non

183 3770 252 3846 e)
297 3787 335 3832 a
365 3771 444 3834 D.
487 3769 568 3834 D.
610 3772 944 3834 Taunum
976 3769 1154 3834 amice
1194 3765 1485 3840 oblatum,

175 3851 252 3932 d)
285 3853 376 3916 De
407 3853 640 3918 mineris
673 3857 809 3919 ferri
845 3858 1024 3928 albis,
1067 3857 1120 3932 ς.
1169 3849 1312 3911 vu.
