2760 4749
616 350 661 437 3
674 322 779 431 56
960 310 1111 409 ‚De
1162 316 1712 433 Praecipitatis
1767 304 2230 410 Metalliris.

608 536 799 614 aeris
850 534 1025 637 puri
1082 534 1345 638 portio
1368 592 1394 627 ,
1455 558 1624 635 quae
1683 535 1764 610 in
1841 534 2202 637 contigua
2282 548 2534 613 atmoi

608 635 1043 737 mosphaera
1090 638 1464 730 occurrit,
1508 634 1860 715 eumdem
1910 636 2160 713 valide
2189 638 2529 715 attrahit.

606 736 839 817 Teste
892 739 1361 841 experientia
1407 740 1794 835 utriusque
1863 735 2098 815 causae
2167 738 2372 815 vires
2441 764 2524 815 u·

608 842 789 916 nitae
840 862 1099 917 aurum
1136 896 1161 933 ,
1206 838 1568 940 platinam
1617 838 1700 915 δι
1743 860 2146 941 argentum
2219 838 2522 915 notabi-

610 941 785 1019 liter
836 938 1414 1041 decomponere
1465 960 1890 1041 nequeunt,
1935 939 2067 1015 sed
2105 941 2368 1017 omnia
2399 963 2528 1019 re·

610 1042 815 1143 liqua
868 1039 1168 1117 metalla
1208 1038 1480 1118 iisdem
1519 1039 1940 1140 conjunffis
1985 1042 2260 1117 cedunt
2283 1097 2308 1135 ,
2359 1066 2528 1119 nou

609 1164 865 1225 tamen
916 1144 1049 1217 uni
1100 1140 1259 1224 soli.
1364 1143 1688 1219 Ferrum
1729 1142 1811 1219 ἃ,
1849 1145 2152 1219 zincum
2192 1140 2387 1218 adeo
2423 1144 2524 1219 la-

610 1266 711 1321 xe
770 1240 981 1319 suum
1032 1262 1293 1321 tenent
1348 1242 1934 1337 inflammabile,
1990 1264 2073 1319 ut
2125 1242 2524 1341 quodlibet

612 1342 912 1422 acidum
966 1342 1233 1421 eadem
1287 1369 1475 1421 mox
1516 1345 1611 1420 ad
1673 1343 2026 1421 rediatur.
2126 1344 2524 1440 Ceterum,

610 1446 667 1524 fi
713 1445 990 1521 idonea
1044 1444 1542 1522 calcinatione
1649 1470 1814 1538 cca,
1849 1445 2102 1521 debite
2142 1462 2521 1546 ptaepara-

612 1569 687 1622 ta
730 1544 899 1621 sunt
955 1546 1296 1641 metalla,
1348 1544 1748 1624 confestim
1794 1546 2060 1623 eadem
2112 1544 2522 1649 suscipiunt

612 1645 1019 1742 menstrua,
1068 1646 1414 1749 nullaque
1455 1670 1650 1751 opus
1701 1644 1804 1722 est
1851 1647 2216 1724 ulteriore
2264 1651 2525 1750 priva-

610 1750 824 1826 tione
847 1802 871 1841 ,
918 1774 1087 1847 quoe
1154 1770 1426 1828 contra
1499 1746 1886 1825 interdum
1949 1770 2175 1825 nocet
2207 1803 2230 1840 ,
2305 1772 2523 1827 antea

614 1847 853 1926 soluta
902 1848 1402 1932 deturbando,
1503 1848 1862 1949 Exempli
1958 1847 2136 1925 loco
2213 1852 2297 1925 in
2369 1872 2524 1927 me—

612 1950 941 2029 moriam
1018 1971 1426 2029 revocetur
1516 1948 1827 2029 effeetus
1904 1949 2102 2026 acidi
2190 1951 2458 2028 nitrofi
2497 2003 2525 2045 ‚

614 2049 823 2150 quod
891 2048 1157 2127 stanno
1238 2051 1365 2127 vel
1429 2053 1900 2143 antimonio,
1966 2049 2222 2131 solutis
2299 2052 2524 2129 acido

610 2152 1051 2243 muriaticO,
1108 2150 1488 2245 adfusum,
1537 2152 1818 2255 infigni
1865 2152 2352 2231 vehementia
2405 2176 2522 2229 re-

612 2250 901 2331 fiduum
953 2252 1400 2356 phlogiston
1451 2276 1548 2331 eo
1588 2276 1822 2355 usque
1872 2250 2166 2350 aufert,
2216 2276 2326 2357 ut,
2369 2253 2524 2337 cals-

614 2374 739 2432 ces
784 2354 1104 2432 nimium
1149 2374 1578 2458 pauperatae
1632 2352 2013 2433 decidant.

570 2598 577 2610 ,
768 2506 869 2603 C)
923 2504 1078 2602 JAM
1120 2507 1217 2583 ad
1268 2501 1882 2586 intricatiffimum
1957 2500 2322 2610 goi-dium
2397 2529 2525 2585 ae-

614 2606 957 2710 cedimus
986 2661 1009 2700 ,
1056 2609 1359 2711 genefin
1429 2612 1707 2708 loquor
1773 2611 2163 2687 variorum
2240 2609 2525 2704 fluido-

612 2733 785 2787 rum
860 2707 1374 2806 elasticorum‚
1443 2736 1612 2811 quae
1692 2720 1948 2788 aerem
2019 2713 2522 2795 mentiuntur.

612 2807 978 2888 Absoluta
1014 2809 1233 2910 hujus
1274 2813 1387 2889 rei
1433 2810 1774 2889 trastatio
1813 2835 1977 2888 non
2015 2814 2330 2912 quidem
2370 2814 2523 2890 huc

612 2908 923 3012 praecise
981 2915 1361 3013 pertinet,
1414 2937 1647 3012 quum
1699 2933 1950 2990 autem
2015 2913 2188 2990 heic
2258 2913 2526 2992 dicen·

610 3012 712 3087 da
758 3035 963 3113 oegre
1008 3013 1329 3118 intelligi
1382 3035 1706 3114 queant,
1782 3012 1920 3090 nifi
1971 3015 2244 3118 paullo
2301 3015 2524 3093 altius

610 3117 1045 3214 repetantur
1138 3103 1681 3209 fundamenta,
1775 3111 1936 3214 jam
2001 3135 2092 3192 ea
2171 3115 2522 3194 breviter

609 3208 709 3290 de
762 3211 1067 3318 singulis
1115 3215 1412 3293 adferre
1458 3217 1726 3310 liceat,
1773 3236 2144 3315 quae‘tam
2209 3220 2519 3319 propri-

608 3316 709 3403 is,
761 3339 988 3414 quam
1040 3312 1359 3394 aliorum
1413 3317 1714 3394 iteratis
1780 3318 2326 3429 experimengis
2403 3317 2521 3396 di-

610 3411 809 3506 dici,
858 3411 1140 3514 partim
1170 3467 1193 3508 ,
1245 3416 1357 3490 uti
1402 3418 1596 3494 mihi
1643 3417 1986 3512 videtur,
2029 3441 2240 3497 certa
2273 3417 2356 3495 &
2388 3437 2520 3496 ex-

606 3531 721 3587 tra
778 3513 1368 3593 controverfiam
1478 3513 1658 3598 ofita
1675 3573 1700 3614 ,
1786 3521 2067 3622 partim
2149 3518 2518 3600 hastenus

606 3631 903 3692 tantum
985 3637 1177 3693 vero
1246 3615 1412 3695 fimi
1441 3623 1513 3696 ia
1535 3619 1558 3716 ,'
1650 3628 1877 3699 novis
1975 3621 2519 3701 tentaminibus

610 3713 1183 3815 confirmanda,
1236 3721 1700 3828 corrigenda
1753 3724 1876 3802 vel
1924 3721 2352 3902 rejiciend}

2353 3845 2514 3902 wt-
