2760 4749
616 343 777 429 228
1076 322 1200 414 De
1260 326 1616 412 Mineris
1651 317 1880 435 ferri
1935 323 2170 412 albis.

790 537 879 630 C)
940 533 1540 614 Evmssnnssma
1575 535 1743 614 sunt
1787 535 2178 637 praesentis
2211 535 2510 638 Magne·

583 641 685 740 fii
750 635 1013 740 sigua,
1086 635 1169 714 &
1234 637 1544 736 quidem
1609 642 1692 714 in
1753 637 1940 715 statu
1997 638 2512 731 calcis'albae‚

609 737 749 816 nifi
802 741 1177 838 temporis
1226 740 1524 838 injuriis
1577 738 1740 822 laefi.
1847 739 2068 824 Talia
2155 738 2326 814 sunt
2397 743 2510 814 ni·

608 839 897 946 grecie,
934 838 1347 916 fatiscentia
1395 839 1520 916 vel
1561 843 1740 944 igne
1777 861 2208 942 provocata·
2241 840 2332 940 (§.
2373 843 2511 932 IV,

604 945 725 1042 A;
790 941 981 1030 VII,
1037 941 1176 1039 G);
1254 941 1552 1016 habitus
1625 941 1811 1020 tubo
1883 939 2512 1020 ferruminatorio

606 1043 1043 1144 exploratus
1094 1039 1186 1141 (§.
1243 1041 1404 1136 1V3
1459 1041 1654 1134 Vll,
1707 1041 1852 1142 F),
1917 1041 2226 1142 aliissque
2276 1065 2514 1142 expe·

606 1145 992 1233 rimentiS,
1038 1162 1195 1218 tam
1242 1143 1371 1219 via
1407 1142 1591 1218 ficca
1643 1144 1736 1243 (§.
1782 1147 1910 1242 V3
1947 1143 2096 1221 VII
2125 1199 2150 1234 ,
2203 1144 2346 1216 A·
2379 1143 2518 1240 F),

662 1270 833 1319 uam
909 1240 1221 1318 humida
1296 1240 1648 1320 institutis
1718 1243 1834 1344 (§.
1894 1244 2058 1334 V1;
2125 1243 2306 1334 VII,
2387 1243 2510 1342 G).

606 1271 969 1420 aeterum
1018 1365 1251 1419 omne
1306 1341 1602 1420 deletur
1660 1345 2014 1437 dubium,
2063 1369 2293 1443 quum
2341 1369 2513 1420 mo-

606 1447 714 1520 do
790 1442 1174 1545 descripto
1251 1444 1450 1520 hanc
1507 1445 1787 1520 calcem
1863 1445 2208 1546 separare
2271 1444 2354 1520 &
2403 1445 2509 1520 se·

602 1541 829 1622 orfim
884 1549 1317 1621 examinare
1373 1544 1680 1622 cuilibet
1729 1546 1949 1622 liceat
1975 1547 2068 1646 (§.
2121 1546 2352 1636 VIII,
2385 1545 2507 1640 Β).

602 1647 743 1724 Ma
804 1645 1086 1721 nefium
1131 1647 1576 1722 calcinatum
1625 1647 1874 1722 album
1948 1649 2180 1723 totius
2255 1645 2505 1722 maffae

598 1749 723 1824 val
785 1770 825 1824 e
874 1747 1279 1846 inaequales
1329 1749 1728 1848 portiones
1773 1745 2016 1828 efficit.
2119 1747 2180 1822 E
2233 1747 2509 1849 regulo

598 1847 1120 1923 Eisenirzenfi
1173 1871 1271 1943 42
1320 1849 1677 1922 librarum
1739 1849 1832 1948 (§.
1869 1849 1993 1944 V,
2029 1845 2127 1944 E)
2177 1849 2506 1924 obtinui-

596 1973 765 2024 mus
816 1971 914 2040 24
960 1945 1320 2049 magnefii
1368 1947 1557 2036 albi,
1631 1951 1846 2047 quale
1905 1947 2208 2048 pondus
2276 1951 2504 2026 etiam

594 2049 933 2148 porrigit
976 2047 1281 2150 regulus
1332 2049 1694 2150 magnefii
1741 2075 1826 2144 13
1879 2045 2266 2124 libi-arum.
2323 2049 2502 2125 Fer·

594 2171 763 2224 rum
811 2151 1061 2244 itaque
1120 2149 1267 2223 erit
1312 2175 1413 2244 42
1447 2189 1551 2206 —
1597 2175 1678 2246 13
1709 2177 1814 2223 ε.-
1851 2176 1985 2244 29,
2031 2150 2110 2226 &
2165 2153 2242 2223 in
2321 2176 2503 2225 cen·

590 2251 893 2326 ternario
948 2249 1169 2348 hujus
1218 2251 1575 2342 minerae,
1624 2251 1810 2326 ferri
1859 2251 2238 2341 calcinati,
2285 2272 2368 2326 ut
2419 2253 2501 2328 in

590 2349 907 2429 vitriolo
964 2348 1245 2443 viridi,
1296 2353 1594 2426 circiter
1655 2367 1744 2445 38
1782 2410 1804 2445 ‚
1879 2347 2240 2456 magnefii
2295 2363 2499 2428 acra·

588 2454 649 2529 ti
710 2476 859 2549 24,
904 2453 1271 2549 calcisque
1325 2462 1594 2527 aeratae
1647 2468 1761 2547 38.
1823 2456 2128 2529 Minera
2181 2477 2222 2527 e
2279 2478 2498 2530 mon-

586 2576 709 2647 te,
748 2556 889 2653 qui
936 2573 1339 2656 argenteus
1390 2553 1882 2631 occidentalis
1937 2556 2019 2632 in
2075 2554 2339 2631 Svecia
2374 2580 2499 2631 au·

586 2657 725 2745 dit,
771 2654 1037 2729 eadem
1090 2653 1460 2729 methodo
1501 2654 1735 2729 nobis
1788 2650 2001 2730 dedit
2049 2656 2228 2731 ferri
2277 2657 2498 2731 calci·

588 2758 743 2829 nati
784 2776 877 2829 22
907 2807 929 2844 ,
974 2752 1333 2858 magnefii
1383 2754 1725 2831 calcinati
1779 2755 1930 2831 albi
1980 2772 2073 2843 28
2131 2756 2211 2833 &
2271 2757 2499 2834 calcis

588 2863 857 2928 a'e‘ratae
911 2879 1030 2948 50.
2003 2903 2008 2912 ·

1421 3076 1488 3177 §.
1535 3077 1630 3156 x.

612 3222 909 3337 ‘Usus
979 3230 1582 3319 minerarum
1642 3229 1890 3321 ferri
1946 3230 2418 3325 albarum.

761 3413 1004 3513 QAM
1076 3411 1163 3488 fit
1217 3416 1497 3491 eximia
1550 3415 1910 3517 chalybs,
1967 3441 2389 3520 praeparata
2439 3442 2488 3497 e

574 3506 840 3607 ferro,
894 3512 1103 3612 quod
1166 3518 1486 3590 minerae
1555 3514 1741 3592 albae
1805 3521 2260 3621 porrigunt,
2345 3524 2487 3597 ha·

572 3640 743 3690 rum
776 3639 1037 3690 rerum
1065 3618 1329 3715 peritis
1385 3619 1676 3715 optime
1717 3640 1980 3694 notum
2025 3620 2127 3695 est
2153 3674 2174 3714 ,
2228 3646 2486 3721 quam-

572 3715 695 3793 vis
744 3716 965 3819 hujus
1013 3714 1462 3819 praestantiae
1515 3716 2154 3813 fundamentum,>
2205 3724 2283 3801 in
2325 3744 2486 3800 ma-

2284 3848 2480 3929 gne-
