2760 4749
518 295 642 386 De
711 293 938 383 Tubo
985 291 1706 408 ferruminatorio.
1914 297 2085 406 463.

195 513 408 594 meris
479 509 732 588 modis
801 507 1118 587 differre
1188 503 1533 610 possunt,
1596 506 1675 586 &
1723 529 1809 586 re
1897 529 2086 585 vera

194 642 350 692 curn
377 615 647 692 Terris
687 617 1130 690 continuam
1172 610 1500 688 efficiunt
1537 605 1843 702 seriem,
1888 609 2085 686 adeo

191 741 267 794 ut
310 717 648 818 proximi
703 716 781 790 in
834 736 1115 790 naturae
1186 731 1492 790 catena‘
1533 711 1827 786 articuli
1896 711 2085 801 vix,

189 845 269 896 ac
317 841 408 894 ne
468 820 601 894 vix
653 814 1012 916 quidem,
1067 813 1396 891 discerni
1426 831 1729 913 queant,
1776 810 1915 886 nisi
1963 835 2085 886 ar-

194 919 500 996 tificialis
529 939 875 1020 ‘ponatur
922 916 1168 992 limes,

332 1080 708 1178 PmeJe
747 1073 1042 1172 flamma
1092 1076 1449 1152 exteriori
1485 1073 1804 1178 expoliti
1871 1073 2091 1154 facile

191 1179 601 1285 liquescunt
631 1233 653 1265 ,
721 1176 848 1254 vel
927 1201 1078 1278 ope
1170 1201 1380 1276 aquae
1448 1173 2095 1280 crystallisationis

189 1281 550 1362 calefastae
603 1278 1040 1369 solvuntur,
1103 1277 1244 1355 hae
1310 1299 1559 1355 autem
1614 1277 1871 1382 fugata
1920 1277 2095 1355 fati-

190 1383 518 1468 scunt&
570 1379 752 1455 dein
804 1379 1211 1456 intenfiore
1267 1381 1449 1485 igne
1525 1381 1802 1456 iterum
1872 1403 2095 1456 vete-

81 1555 92 1564 .
189 1509 330 1586 que
380 1481 816 1562 funduntur.
923 1481 1083 1558 Alii
1135 1480 1288 1556 fine
1369 1502 1587 1558 motu·
1658 1500 1850 1580 aqua
1926 1477 2095 1582 spo·

186 1592 500 1678 hamur,
552 1608 710 1659 non
767 1579 904 1659 nifi
951 1580 1184 1659 semel
1232 1581 1583 1666 fufibiles.
1706 1581 2097 1658 Nonnulli

191 1688 363 1768 aestu
417 1685 751 1766 avolana

219 1833 226 1842 '
333 1823 619 1900 TERRAE
669 1822 860 1900 mihi
909 1820 1222 1900 audiunt
1273 1822 1693 1904 substantiae
1765 1828 1846 1904 in
1911 1826 2096 1934 igne

183 1926 357 2006 fixae
393 1979 414 2020 ,
474 1950 638 2024 quae
689 1948 832 2001 nec
886 1927 966 2000 in
1023 1925 1285 2029 lingva
1331 1925 1499 2003 sunt
1561 1926 1885 2030 sa‘pidae,
1953 1953 2097 2006 nec

183 2051 372 2128 aqua
431 2025 836 2104 ebulliente
884 2027 1158 2108 millies
1210 2031 1619 2128 graviore,
1694 2031 1774 2105 in
1836 2031 2103 2130 pulve·
2210 2077 2215 2084 ·

183 2155 348 2209 rem
400 2129 578 2204 licet
633 2126 1179 2204 subtiliffimum
1225 2131 1761 2224 comminutae,
1819 2129 2101 2209 solubi-

179 2236 318 2310 les.
421 2231 721 2308 Harum
782 2231 1166 2307 nonnullae
1219 2229 1372 2308 five
1428 2231 1915 2334 praecedente
1984 2233 2099 2311 di-

181 2333 474 2415 vifione
533 2331 882 2409 chemica
954 2335 1031 2407 in
1102 2332 1249 2409 alio
1318 2329 1707 2421 menstruo
1778 2334 2112 2438 amplio-

179 2462 350 2516 rem
406 2432 640 2511 nastae
692 2430 1167 2536 superficiem
1198 2487 1223 2528 ,
1274 2452 1443 2535 quae
1491 2434 1924 2515 contastum
1975 2463 2099 2513 au-

179 2559 318 2645 get
349 2592 377 2633 ,
426 2535 581 2613 five
642 2557 820 2613 cum
870 2534 1256 2613 menstruo
1309 2536 1705 2615 intenfiori
1758 2541 1843 2619 in
1907 2536 2100 2617 vafis

178 2636 443 2717 clausis
489 2634 728 2713 calori
779 2634 1162 2737 expofitae‚
1215 2635 1370 2716 five
1430 2637 1835 2739 adjuvante
1902 2639 2103 2719 acidi

175 2742 390 2819 aerei
441 2732 787 2830 excess'n,
859 2760 1130 2838 aquarn
1192 2761 1466 2819 revera
1536 2740 1892 2821 subeunt:
1962 2743 2100 2819 has

174 2864 420 2921 terras
473 2837 740 2916 salinas
770 2860 973 2915 voco
998 2892 1019 2933 ‚
1069 2838 1394 2939 reliquas
1442 2864 1669 2937 vex-0,
1715 2868 1885 2945 quae
1938 2840 2101 2922 nul-

172 2946 262 3023 lo
317 2938 678 3022 hastenus
738 2943 1059 3045 cognito
1129 2942 1452 3019 artificio
1528 2969 1738 3045 aquae
1806 2948 2104 3049 ingres·

175 3046 350 3125 sum
397 3042 684 3131 finum,
729 3038 1167 3144 simpliciter
1209 3041 1291 3121 δε
1349 3044 1513 3123 κατ’
1556 3046 1805 3150 ἐξοχήν
1874 3034 2106 3126 t'errae

173 3165 580 3233 merentur
635 3169 947 3223 nomen.
1053 3143 1234 3247 Ope
1291 3145 1451 3224 tubi
1505 3144 2108 3229 ferruminatotii

287 3274 329 3327 t
379 3246 478 3335 se,
508 3245 635 3323 vel
688 3246 1138 3327 refraE'tariae
1199 3248 1683 3349 reperiuntur
1733 3250 1877 3331 ‚vel
1942 3248 2111 3331 fufi-
2160 3274 2163 3279 ·

233 3352 423 3433 iles:
479 3348 928 3453 pauciffimae
981 3348 1158 3427 solae
1206 3348 1693 3453 perlucidum
1740 3352 2113 3435 exhibent

173 3455 504 3537 vitrum.
639 3452 1017 3532 Fluxuum
1090 3473 1697 3533 memoratorum
1748 3450 2109 3559 finguli9‚

173 3554 320 3632 vel
376 3552 622 3631 saltim
674 3556 949 3648 unico,
1015 3552 1439 3635 solvuntur.
1541 3555 1917 3639 Praeterea
1964 3582 2109 3643 nec

175 3658 755 3751 accenduntur,
809 3679 952 3734 nee
1010 3652 1303 3736 fumum
1357 3654 1739 3749 erudiant„

1822 3826 1829 3831 ·
1863 3814 2110 3893 Pmo-
