2760 4749
638 319 791 424 156
993 309 1111 400 De
1144 309 1350 397 calce
1398 311 1586 397 auri
1601 307 2144 462 ffidminante.

494 623 503 636 ι
623 525 757 601 lari
813 525 1271 624 loquuntur,
1319 526 1562 600 immo
1625 524 1968 600 nonnulli
2035 549 2299 603 aurum
2379 524 2521 601 sul·

624 627 856 726 phuri
904 649 1146 703 toturn
1200 623 1343 702 effe
1387 628 1908 718 contendunt,
1959 628 2288 726 indeque
2341 627 2522 704 effe-

626 727 829 820 ἕως,
885 727 980 804 de
1041 729 1307 828 quibus
1356 726 1527 801 heic
1577 752 1614 800 a
1676 729 1860 819 itur,
1908 727 2303 820 derivant,
2352 754 2522 804 nam

626 829 893 906 eadem
941 825 1097 910 fere
1146 828 1524 929 principia
1578 849 1615 900 a
1676 827 1861 919 effe,
1945 853 2030 904 ac
2077 831 2154 904 in
2211 830 2524 929 pulvere

627 931 859 1032 pyrio
937 930 1019 1006 &
1076 929 1394 1030 pulvere
1462 926 1960 1021 fulminante,
2029 953 2070 1004 e
2127 927 2524 1029 sulphure,

627 1037 833 1106 nitro
884 1031 966 1107 &
1017 1053 1291 1106 tartaro
1345 1029 1815 1128 composito,
1859 1030 1994 1105 fibi
2027 1031 2339 1128 aliisque
2365 1058 2526 1131 per·

628 1129 940 1210 suadere
990 1153 1384 1206 conantur.
1484 1131 1630 1204 Sed
1689 1134 2095 1234 opiniones
2148 1129 2373 1208 hasce
2423 1132 2530 1206 ni·

616 1235 775 1308 mis
829 1229 1132 1320 subtiles
1188 1231 1269 1308 &
1320 1228 1706 1319 obscuraS‚
1767 1231 1908 1308 suis
1984 1231 2367 1309 involutas
2425 1253 2530 1309 te-

632 1335 939 1428 nebris,
991 1331 1300 1430 intactas
1360 1332 1872 1434 relinquimus,
2633 1327 2635 1334 ’

792 1487 1291 1562 SULPHUREUM
1345 1488 1730 1563 immerito
1791 1482 2208 1586 suspectum
2259 1483 2410 1564 effe
2436 1485 2532 1562 se·

634 1589 939 1688 quentia
990 1585 1434 1664 monstrant.

783 1740 893 1838 A)
946 1741 1319 1816 SutPHulu
1362 1737 1667 1837 nitroso,
1717 1736 1848 1812 sub
1921 1739 2532 1839 praecipitatione

692 1862 1035 1929 encrate,
1096 1840 1429 1940 calcique
1482 1839 1904 1913 adhaerenti
1963 1837 2227 1924 solari,
2275 1843 2534 1915 novis·
2643 1860 2645 1872 ·

662 1964 813 2015 ime
868 1938 1297 2038 fulminatio
1351 1937 1809 2019 adscribitur.
1917 1941 1980 2014 E
2044 1940 2536 2016 detonatione
2582 2027 2590 2038 ,

634 2042 815 2115 nitri
866 2038 1081 2137 hujus
1135 2042 1325 2115 mira
1373 2037 1540 2114 satis
1593 2041 1887 2116 elucere
1957 2039 2290 2116 creditur
2362 2044 2535 2116 vio·

633 2139 915 2234 lenda,
962 2137 1311 2237 ‘ejusdem
1384 2143 1733 2218 vero‘in
1809 2143 1966 2218 auri
2052 2143 2534 2242 praecipitato
2649 2220 2651 2242 J

632 2239 1029 2342 praesentia
1060 2242 1442 2342 hucusque
1483 2241 1748 2318 frustra
1784 2239 1926 2317 fuit
1956 2239 2266 2343 quaefita.
2329 2241 2534 2319 Cum

634 2342 949 2445 sulphur
996 2342 1464 2421 vitriolicum
1517 2344 1596 2418 in
1642 2344 1915 2419 lixivio
1955 2342 2276 2420 caustico
2340 2342 2536 2420 solvi
2651 2340 2653 2381 ³

637 2447 718 2525 &
746 2444 977 2522 acidis
1032 2443 1258 2545 dejici
1303 2442 1556 2545 poffit,
1604 2445 1949 2521 eamdem
1987 2448 2538 2547 proprietatem

636 2547 925 2637 nitroso
972 2570 1275 2646 quoque
1330 2568 1769 2645 competere
1823 2569 1921 2621 ex
1994 2548 2341 2645 analogia
2411 2571 2537 2623 ve-

634 2648 939 2724 rifimile
1029 2648 1354 2724 videtur.
1481 2646 1616 2721 Ast
1693 2646 1998 2722 costum
2064 2646 2367 2747 permsta
2420 2652 2538 2724 vis

634 2747 1047 2824 fulminans
1102 2750 1473 2849 reperitur
1524 2750 1824 2850 integra
1877 2749 1971 2849 (§.
2015 2749 2248 2843 ΥΠ),
2302 2747 2385 2825 &
2459 2774 2541 2823 a·

638 2848 827 2923 cidis
879 2849 1151 2924 lixivio
1197 2846 1470 2925 adfufis
1538 2848 1781 2925 nullus
1844 2850 2237 2950 peculiaris
2305 2849 2540 2925 senti·

637 2973 754 3025 tur
799 2952 1036 3041 odor,
1093 2974 1234 3025 nec
1285 2948 1421 3029 nisi
1467 2949 1884 3051 parciffime
1940 2950 2353 3051 quidquam
2414 2976 2539 3027 au-

636 3052 707 3127 ri
759 3048 977 3126 soluti
1030 3050 1337 3128 decidit.
1597 3062 1609 3076 ‘

788 3186 882 3285 B)
947 3186 1357 3263 AETHEREM
1425 3213 1724 3290 quoque
1796 3192 2267 3289 vinium-um,
2335 3216 2544 3295 prae-

635 3309 906 3389 potens
953 3285 1136 3361 illud
1185 3288 1811 3389 phlogisticorum
1863 3294 2369 3387 menstruum,
2409 3292 2542 3371 ad·

634 3389 1037 3466 hibuimuS.
1145 3388 1297 3465 Hic
1361 3390 1644 3491 aliquot
1729 3392 2022 3472 dierum
2111 3394 2542 3499 digestione

634 3490 871 3569 flavus
942 3489 1139 3590 tingi
1219 3493 1510 3591 coepit,
1572 3496 2098 3576 membranula
2173 3520 2396 3576 aurea
2460 3499 2544 3573 in

632 3589 1029 3692 superficie
1077 3590 1289 3665 fluidi
1344 3598 1734 3694 apparuit,
1781 3600 2023 3675 immo
2069 3601 2278 3675 varia
2311 3600 2544 3675 calcis

630 3690 887 3773 solaris
910 3715 1187 3797 gram,
1224 3692 1306 3769 in
1346 3691 1588 3775 fundo
1633 3698 1995 3799 jacentia,
2021 3722 2253 3780 aureo
2285 3696 2546 3877 spgen·

1336 3840 1343 3847 .
2415 3822 2544 3879 ue.
