2760 4749
611 300 738 389 De
790 300 1323 419 maecipitaetis
1379 304 1863 401 Metallicis.
2069 344 2113 427 3
2129 342 2225 431 57

498 515 951 594 thnonun
1000 516 1494 613 aWfierium-
1527 516 1782 623 plures
1846 525 2231 629 hucusque

334 612 839 694 innotuerunt
900 616 1267 708 distinstae
1344 620 1848 721 variationes²
1913 653 2229 729 quarum

334 715 516 803 oao
596 739 888 795 tantum
968 742 1114 819 qua
1184 720 1816 821 compositionem
1883 728 2024 806 ita·
2063 728 2230 809 sunt

328 816 677 912 nudatae,
728 839 811 896 ut
866 818 1002 896 vix
1046 819 1282 899 ullum
1337 813 2040 924 superfit‘dubium.
2081 831 2232 911 Hae

326 916 501 995 sunt
529 973 549 1010 ‚
608 943 775 1019 quae
822 942 917 995 ex
969 920 1201 1009 acidis
1253 924 1592 1018 vin-ioli,
1638 926 1869 1022 nitri,
1915 932 2229 1027 muriae,

320 1020 588 1097 fluoris
640 1018 1025 1101 minet-alis
1078 1022 1160 1101 δε
1212 1044 1469 1118 aceto,
1541 1048 1684 1103 nee
1757 1053 1916 1105 non
1974 1053 2070 1108 ex
2136 1034 2232 1111 al·

296 1120 585 1198 -kalino
647 1118 795 1209 sale
872 1119 975 1197 &⁸
1020 1122 1291 1223 hepate
1340 1123 1734 1228 ‘sulphuris
1807 1130 2227 1221 eliciuntur.

320 1221 677 1327 Singulas
733 1217 1040 1300 seorfim
1095 1222 1678 1315 confideremus.

484 1397 799 1475 Acmuu
844 1386 1125 1472 vitrioli
1153 1420 1458 1497 purum,
1505 1396 1806 1475 intenso
1843 1420 2128 1479 tortum
2171 1400 2227 1476 i-

323 1520 505 1602 gne,
558 1499 639 1573 in
683 1518 1013 1600 vapores
1070 1495 1377 1595 quidem
1433 1498 1884 1591 resolvitur,
1941 1494 2070 1581 sed
2119 1520 2228 1583 ta-

306 1600 477 1691 .les,
524 1598 657 1698 qui
706 1594 970 1674 amisso
1014 1596 1263 1673 calore
1310 1596 1578 1699 sponte
1630 1601 1902 1685 iterum
1965 1601 2046 1683 in
2134 1600 2228 1681 li..

322 1724 651 1800 quorem
700 1697 999 1789 acidum
1047 1696 1503 1791 concidunt,
1557 1698 1894 1795 ejusdem
1936 1723 2022 1775 ac
2091 1724 2266 1775 an·-

318 1821 439 1883 tea
512 1797 810 1884 indolis.
944 1798 1023 1884 Si
1104 1819 1353 1889 autem
1418 1799 1831 1900 quidquam
1913 1798 2228 1887 addatur

296 1898 806 2019 ,gravidatum
862 1898 1247 2003 phlogisto
1286 1953 1307 1991 ,
1365 1900 1573 2001 quod
1635 1902 1868 1977 laxari
1922 1904 2164 2004 potest
2204 1960 2232 1996 ,

314 2003 522 2105 ignis
566 2022 719 2101 ope
770 1999 1187 2101 adquiritur
1240 2024 1418 2081 aura
1481 2000 1810 2095 elastica,
1867 2004 2089 2081 etiam
2145 2006 2224 2081 in

316 2101 766 2207 rigidiffimo
832 2098 1226 2214 perfistens
1269 2099 1606 2204 frigore,
1663 2104 1902 2180 modo
1953 2128 2222 2204 aquam

314 2228 478 2281 non
528 2204 866 2305 attingat.
968 2202 1085 2279 En
1136 2205 1387 2279 Airem
1441 2201 1907 2299 vitriolicum‚
1973 2208 2102 2303 qui
2154 2231 2224 2281 a-

313 2329 462 2408 qua
549 2300 938 2384 absorberi
1012 2301 1255 2405 potest
1332 2322 1533 2381 totus
1628 2324 1982 2403 quantae,
2072 2304 2224 2384 hoc

312 2428 563 2482 autem
592 2403 791 2483 fasto
833 2402 1195 2510 phlogisti
1246 2426 1486 2482 nexus
1521 2407 1618 2480 ita
1661 2403 2104 2510 debilitatum·
2145 2429 2225 2483 ut

312 2506 584 2584 senfim
663 2506 962 2595 avolet,
1032 2505 1492 2605 tandemque
1556 2507 1834 2581 iterum
1897 2509 2225 2606 prodeat

312 2607 616 2688 acidum
662 2605 1125 2684 vitriolicum
1167 2605 1506 2724 vulgare.
1555 2604 1928 2682 Videmus
1971 2607 2222 2706 itaque

310 2713 467 2787 hoc
519 2707 818 2785 acidum
870 2705 1279 2786 sufficiente
1328 2705 1889 2786 inflammabilis
1936 2707 2222 2809 princi·

310 2814 422 2914 pii
474 2809 635 2889 dofi
679 2811 763 2887 in
814 2833 1071 2896 auram
1124 2808 1496 2888 elasticam
1549 2808 1906 2908 expandi,

466 2986 783 3060 Acmtm
832 2982 1017 3066 nitri
1052 2977 1294 3056 adhuc
1340 2973 1784 3064 luculentius
1829 2976 2057 3055 talem
2093 3002 2222 3056 ex-

310 3085 531 3163 hibet
574 3080 1233 3182 metamorphosin
1274 3133 1301 3174 ,
1371 3080 1455 3156 &
1500 3073 1813 3178 quidem
1884 3080 2262 3166 intimio-·

309 3211 504 3267 rem.
606 3185 815 3262 Huic
866 3185 1371 3287 immergatur
1409 3203 1472 3256 e.
1522 3203 1598 3283 g.
1649 3175 2044 3258 frustulum
2107 3205 2222 3256 ar-

310 3293 526 3393 genti
571 3286 654 3365 &
703 3311 888 3363 mox
942 3287 1362 3362 innumerae
1410 3282 1801 3372 oriuntur,
1876 3301 2227 3382 enatant-

310 3414 461 3489 que
508 3387 806 3464 bullulae
840 3412 1091 3486 ‚quae
1165 3382 1499 3463 concitae
1579 3393 1806 3458 aerem
1869 3381 2220 3484 praebent

307 3478 665 3586 nitrofiem.
771 3488 1079 3572 Bullulae
1122 3489 1203 3564 in
1257 3483 1654 3588 superficie
1695 3484 2036 3574 metalli,
2087 3483 2217 3563 ubi

309 3592 509 3676 acidi
565 3591 1003 3684 moleculae,
1053 3587 1443 3692 phlogisto
1497 3604 1861 3683 quantum
1912 3583 2086 3660 satis
2135 3606 2216 3657 o-

304 3714 635 3788 neratae,
690 3691 1062 3848 elasticam
1112 3691 1438 3892 ἰιέἱιιὲῑπ
1485 3686 1568 3766 δι
1615 3686 1928 3806 quidem
1997 3682 2220 3868 νέιὶῐὶεὲῗ
