2760 4749
601 294 711 399 64‘.
1036 287 1159 373 De
1212 278 1468 408 l'apide'
1515 251 2056 401 hydrophamss

597 492 1000 577 crustarum
1036 496 1502 576 mutabilium
1544 500 1801 576 indole
1847 494 2172 577 dubitari
2221 497 2488 601 poss‘et.

593 602 827 677 Hunc
856 599 1143 679 nodum
1180 600 1458 701 analyfi
1487 605 1771 702 optime
1809 600 2001 677 solvi
2037 602 2493 697 existimavi,

595 703 699 793 δε,
737 703 874 777 hac
931 702 1591 793 institutasteadem
1625 728 1707 777 ac
1745 706 2240 815 anteaxreperi
2274 708 2496 805 prin·

598 805 793 904 cipia
844 803 934 903 (§.
993 804 1113 896 11,
1166 806 1310 902 E),
1364 827 1510 903 qua
1575 806 1806 907 igitur
1887 808 2137 879 omnis
2209 828 2498 881 evane-

596 904 733 981 scit
818 902 1283 1006 ambiguitas.
1421 896 1780 979 Ceterum
1862 927 2004 1006 per
2079 902 2152 977 se
2221 924 2437 1005 patet
2473 958 2496 997 ‚

592 1006 925 1108 partium
977 1006 1511 1109 integrantium
1565 1005 1938 1102 majorem
2001 1007 2493 1083 minoremve

595 1122 876 1181 nexum
936 1103 1343 1181 admodum
1398 1106 1759 1179 lubricam
1795 1106 1878 1180 l&
1919 1104 2271 1180 fallacem
2312 1132 2496 1206 por·

596 1208 847 1308 rigere
910 1223 1212 1295 notam,
1265 1204 1587 1304 ideoque
1647 1206 1796 1281 hoc
1849 1205 2191 1304 respectu
2241 1208 2322 1279 in
2370 1230 2498 1282 ea-

594 1306 773 1381 dem
856 1306 1189 1407 lapidum
1250 1304 1530 1381 familia
1615 1330 1965 1409 magnam
2055 1309 2494 1382 invenimus

486 1405 492 1411 ’
594 1408 1117 1483 variationem.
1176 1406 1294 1482 De
1346 1406 1614 1505 Opalis
1661 1404 2310 1482 &Chalcedoniis
2363 1433 2495 1483 an⁶

593 1530 715 1585 tea
770 1506 1053 1605 dietum
1102 1502 1209 1583 est
1279 1507 1372 1607 (ᾗ.
1425 1508 1543 1599 11,
1595 1508 1720 1599 C).
1829 1506 2040 1581 Idem
2099 1503 2302 1607 valet
2393 1510 2493 1582 de

594 1605 1032 1699 CarneoliS,
1100 1608 1450 1682 Gemmis
1489 1609 1625 1706 g),
1695 1610 2002 1683 ceteriS.‘
2093 1607 2496 1683 Habemus

593 1732 892 1809 quoque
973 1711 1054 1781 in
1131 1704 2145 1811 Argilla'luculentiffimum
2229 1730 2487 1783 exem·

591 1810 855 1911 plum,
906 1811 1086 1907 quid
1141 1806 1472 1890 diversus
1512 1810 1589 1880 in
1627 1807 1793 1882 ··hoc
1845 1812 2159 1907 negotio
2214 1808 2489 1885 efficiat

592 1909 1097 1992 exficcationis
1134 1908 1425 2011 gradus.
1473 1909 1664 1981 Haec
1711 1931 2062 2006 namque,
2111 1906 2286 1983 licet
2323 1934 2486 1985 cru·

592 2006 687 2082 da
743 2033 1004 2105 aquarn
1075 2008 1569 2084 vehementer
1654 2029 1994 2109 appetat,
2065 2008 2487 2113 eademque

590 2110 1011 2198 emolliatur
1056 2110 1133 2183 &
1182 2130 1657 2208 penetretur,
1693 2110 1996 2184 interim
2028 2130 2278 2184 tamen
2322 2136 2488 2189 cer-

590 2228 663 2281 ta
714 2208 974 2283 caloris
1032 2211 1112 2284 vi
1151 2212 1252 2285 ita
1309 2206 1852 2300 condensatur,
1904 2229 2000 2283 ut·
2036 2232 2303 2307 aquam
2371 2236 2484 2287 re·

563 2306 840 2410 spuat,
894 2308 1345 2410 tandemque
1393 2308 1956 2387 vehementiori
2012 2308 2480 2412 ignefilice-

588 2435 708 2486 am
768 2411 988 2512 plane
1049 2411 1390 2509 adquirat
1451 2411 1828 2488 duritiem.
1946 2406 2148 2486 Heic
2202 2412 2484 2490 eadem

488 2543 495 2550 ·
587 2513 936 2588 materies
985 2511 1499 2588 <liverfiffimas
1567 2511 1878 2586 exhibet
1943 2513 2488 2616 particularum

586 2614 1126 2703 cohaerentiaS,
1184 2613 1262 2690 ὃς
1311 2613 1514 2710 qu'od
1567 2614 1894 2686 maxime
1957 2609 2298 2713 indurata
2365 2617 2486 2687 ni-

584 2713 747 2787 hilo
832 2714 1079 2788 minus
1165 2716 1629 2813 argillaceam
1698 2713 2016 2788 retineat
2092 2733 2487 2805 naturam,

584 2810 760 2885 alibi
814 2811 1259 2894 sufficienter
1310 2813 1816 2889 demonstravi
1869 2807 1964 2906 h).
2027 2811 2204 2905 Jure
2243 2815 2487 2913 igitur

584 2912 1097 2990 concludimus
1150 2915 1450 2992 duritiei
1497 2915 1808 2998 minime
1861 2911 2006 3018 effe
2058 2911 2484 2997 fidendum.

735 3046 839 3145 F)
900 3049 1124 3123 LAPIS
1178 3045 1550 3125 mutabilis
1619 3043 2197 3148 magnitudine,
2271 3047 2480 3122 cele·

575 3145 794 3221 ritate
874 3152 1299 3223 mutationis
1356 3147 1435 3222 &
1498 3146 1778 3222 ‘coloris
1837 3147 2210 3251 elegantia
2277 3145 2484 3230 aesti-

576 3265 843 3322 matur.
962 3249 1310 3325 Duorum
1397 3270 1604 3346 aque
1690 3247 2287 3346 penetrabilium
2335 3268 2482 3324 ne·-

472 3397 483 3410 ·
575 3341 885 3433 ceffario
938 3351 1179 3448 major
1224 3351 1304 3424 in
1355 3373 1540 3446 aqua
1595 3346 1893 3448 segnius
1941 3347 2320 3440 clarescit,
2355 3348 2487 3425 ef-

572 3444 856 3524 fectum
914 3471 1159 3526 autem
1211 3447 1782 3558 quodammodo
1840 3472 2107 3555 augere
2151 3448 2324 3524 licet
2378 3451 2482 3525 al·

1269 3562 1273 3566 ⁵
2293 3551 2481 3625 titu-

652 3721 725 3804 g)
767 3721 1000 3784 Comm.
1049 3717 1117 3782 de
1160 3715 1341 3782 Terra
1376 3737 1777 3795 gemmatum,
1825 3715 1875 3799 §-
1913 3715 2055 3786 vlt.

656 3805 727 3882 h)
786 3805 1021 3871 Comm.
1068 3805 1137 3866 de
1178 3802 1469 3866 Preduais
1520 3804 1850 3869 VulcaneiS.
