2760 4749
1735 139 1752 196 Ι

619 387 782 470 214
1066 355 1189 444 De
1249 357 1608 444 Miner-is
1655 350 1886 468 ferri
1939 353 2168 442 albis.

606 591 768 644 tum
808 565 926 664 l),
980 592 1163 643 mox
1215 565 1534 645 odorem
1587 567 1858 646 amittit
1901 567 1980 645 δε
2025 567 2338 672 egregie
2385 564 2532 643 sol·

608 671 723 746 vit
774 667 926 746 fine
983 668 1446 768 adjumento.

609 924 631 940 ,
768 869 1161 944 INNOTUIT
1207 893 1508 970 quoque
1593 871 1731 946 alia
1799 867 2145 944 solvendi
2233 868 2528 943 metho-

608 971 793 1061 duS,
850 995 1013 1068 quoe
1080 970 1340 1046 itidem
1397 971 1491 1047 de
1565 995 1841 1071 magna
1923 972 2002 1044 in
2073 967 2526 1070 phlogiston

607 1069 1052 1146 attrastione
1135 1071 1552 1148 luculenter
1633 1071 1952 1148 testatur.
2055 1069 2358 1144 Scilicet
2440 1072 2524 1146 in

606 1171 781 1248 vase
842 1159 1087 1247 vitreo
1129 1228 1149 1258 ‚
1204 1170 1355 1248 five
1407 1170 1654 1248 clauso
1690 1227 1711 1264 ‚
1764 1171 1918 1247 five
1981 1193 2292 1272 apert0‚
2354 1171 2523 1271 plu·

605 1274 752 1348 ries
798 1271 887 1346 ad
948 1272 1402 1374 ignitionem
1458 1297 1690 1372 usque
1759 1269 2055 1352 acidum
2119 1272 2407 1345 vitrioli
2475 1296 2518 1348 a

607 1373 809 1448 calce
864 1373 1075 1474 nigra
1104 1369 1586 1449 abstrahatur.
1693 1371 2046 1472 Qalibet
2085 1370 2391 1470 peracta
2437 1395 2518 1446 o·

606 1475 1001 1573 peratione
1057 1497 1244 1570 aqua
1304 1474 1621 1550 elixetur
1674 1471 2030 1559 solubile,
2083 1472 2333 1548 &hac
2391 1474 2518 1548 via

606 1574 799 1649 nihil
854 1573 1163 1648 tandem
1218 1573 1537 1653 restabit.
1649 1573 1876 1650 Unde
1954 1573 2121 1646 heic
2207 1573 2521 1671 phlogi-

602 1674 769 1750 ston
809 1672 1162 1751 solutioni
1208 1673 1688 1751 necessarium
1726 1669 2106 1749 hauritur?
2167 1671 2516 1772 Respon-

604 1776 913 1852 demus:
956 1797 995 1852 e
1036 1775 1547 1875 decomposita
1599 1775 1871 1850 caloris
1941 1774 2300 1863 materia,
2349 1798 2520 1872 quae

604 1885 778 1950 aere
837 1898 1035 1973 puro
1091 1875 1414 1967 constat,
1469 1901 1638 1950 cum
1677 1873 2170 1950 determinata
2203 1873 2522 1976 phlogi-

604 1974 692 2049 sti
735 1973 891 2050 dofi
949 1973 1379 2070 conjumstO.
1470 1977 1600 2050 Ne
1662 1971 2176 2060 comesturam
2230 1973 2519 2050 nudam

608 2097 749 2149 nos
823 2097 1260 2172 proponere
1318 2071 2066 2174 quispiamwredat,
2119 2072 2521 2150 abstractio

601 2172 1018 2250 instituatur
1103 2176 1183 2248 in
1266 2175 1437 2250 vase
1516 2176 1758 2255 clauso
1802 2232 1827 2267 ‚
1923 2177 2042 2249 cui
2113 2197 2522 2274 apparatus

600 2275 1121 2377 pneumaticus
1174 2272 1275 2350 est
1352 2275 1776 2376 adaptatuS,
1847 2276 1926 2351 &
1981 2275 2076 2349 ad
2127 2276 2368 2350 finem
2441 2301 2522 2350 o-

660 2378 1014 2451 erationis
1091 2376 1396 2479 copiose
1454 2378 1796 2476 prodibit
1867 2386 1995 2451 a‘e‘r
2043 2401 2324 2475 puruS,
2387 2382 2520 2479 qui

599 2405 987 2567 liberatur,
1048 2475 1227 2551 dum
1269 2480 1728 2576 principium
1774 2477 2317 2553 inflammabile
2349 2481 2521 2555 Ma·

603 2577 863 2681 gnefio
914 2575 1279 2652 calcinato
1336 2578 1708 2677 adfigitur.
1791 2575 2166 2677 Magnefii
2197 2576 2522 2675 quidem

605 2676 773 2749 calx
829 2676 981 2752 sola
1042 2675 1370 2752 calorem
1456 2680 2026 2775 decomponere
2080 2676 2320 2775 valet,
2385 2678 2522 2756 sed

601 2798 761 2851 non
796 2774 948 2850 fine
997 2776 1215 2854 acido
1249 2776 1579 2853 solubilis
1617 2776 1796 2857 fieri.
1885 2779 1963 2851 Si
2023 2778 2330 2856 acidum
2381 2804 2524 2880 pa-

599 2896 772 2947 rum
827 2872 1144 2951 dilutum
1196 2902 1236 2951 a
1292 2878 1514 2952 calcis
1581 2880 1815 2979 nigrae
1887 2874 2212 2955 dimidio
2303 2905 2519 2979 pon·
2569 2962 2574 2969 ,

603 2971 785 3049 dere
845 2972 935 3049 ad
988 2974 1259 3051 slecum
1314 2994 1600 3061 tantum
1637 2978 2121 3067 abstrahitur,
2165 2978 2518 3058 elixatio-

599 3074 715 3143 nis
772 3096 961 3173 aqua
1010 3072 1196 3153 ultra
1242 3101 1579 3177 quartam
1651 3080 1870 3154 calcis
1928 3078 2144 3175 hujus
2202 3102 2520 3177 partem

599 3166 972 3270 suscipere
1028 3174 1263 3263 valet,
1322 3177 1501 3253 hinc
1548 3180 1853 3279 egregie
1909 3179 2184 3254 rubens
2267 3181 2350 3258 &
2412 3184 2524 3255 ri..

599 3290 676 3343 te
728 3270 1099 3349 marciam
1152 3272 1331 3352 tales
1387 3301 1685 3377 quoque
1741 3278 2148 3379 porrigens
2203 3280 2524 3380 crystal-

597 3369 733 3452 los.
852 3370 1328 3485 Hicotoinestus
1374 3374 1732 3479 p‘hlogisti
1791 3377 2170 3455 defec'tum
2234 3383 2524 3475 innuit,

594 3494 870 3567 quem,
924 3490 1032 3547 uti
1080 3494 1233 3565 Jam
1271 3477 1646 3553 monitum
1684 3478 1828 3571 est,
1889 3480 2012 3555 vel
2063 3480 2336 3576 majori
2371 3484 2524 3558 cal·

599 3571 706 3646 cis
769 3568 972 3663 dofi,
1024 3572 1147 3650 vel
1224 3573 1796 3657 abstraffionern
1874 3578 1968 3658 ad
2043 3581 2520 3690 ignitionern

2395 3708 2520 3763 ΠΒ·

691 3846 743 3925 1)
782 3848 869 3910 Ν.
930 3846 1078 3913 Aua
1122 3848 1269 3933 Ups.
1318 3853 1436 3915 vol.
1486 3852 1589 3925 11,
1637 3872 1695 3937 p.
1750 3870 1900 3939 193·
