2760 4749
525 355 651 444 De
711 352 942 444 Yubo
979 353 1701 470 firruminatorio.
1932 381 2093 497 473

356 566 776 646 'Priamum
829 568 1250 647 notandum
1301 568 1405 648 est
1455 569 1803 648 miculam
1866 570 2102 648 calca-

193 691 355 747 reae
405 691 627 746 terrae
675 670 890 748 facile
945 669 1250 747 diss'olvi
1327 673 1412 750 δε
1476 672 1755 748 borace
1804 671 1884 748 &
1950 671 2101 750 sale

191 770 823 864 microcosmico,
865 769 1415 872 sphaerulasque
1463 774 1788 849 omnino
1853 774 2101 873 perlu-

195 870 408 947 cidas
445 871 830 965 obtineri,
879 873 933 950 fi
988 896 1177 952 vero
1233 871 1503 951 sensim
1584 877 1825 976 magis
1884 871 2104 948 addi-

191 992 366 1064 tur,
391 972 636 1048 fluxus
686 974 992 1050 tandem
1045 972 1337 1052 satiatus
1371 976 1767 1052 materiam
1794 971 2105 1072 quidem

191 1071 513 1148 solutam
565 1076 838 1152 retinet
885 1073 1013 1151 sub
1063 1074 1405 1176 perfesta
1475 1072 1761 1152 fusione
1792 1126 1815 1166 ,
1886 1073 2105 1150 flam-

191 1198 328 1250 ma
385 1196 575 1252 vero
637 1196 930 1256 remota
1009 1175 1142 1253 sub
1215 1174 1807 1281 refrigeratione
1870 1173 2104 1268 illud,

256 1273 406 1350 uod
466 1280 542 1350 vi
593 1273 814 1353 solius
854 1277 1116 1354 caloris
1150 1274 1514 1378 suscepit,
1566 1276 1926 1368 secernit,
1967 1302 2103 1366 une

259 1399 302 1450 e
349 1377 680 1476 primum
731 1379 1118 1454 nubeculae
1187 1379 1539 1456 oriuntur
1596 1379 1678 1468 &
1729 1403 1915 1454 mox
1984 1398 2105 1454 to-

191 1495 321 1551 tus
365 1475 864 1580 globulus‘fit
941 1503 1258 1580 opaeuS‚
1315 1481 1411 1558 ad
1485 1477 2103 1581 perluciditatem

193 1577 470 1653 iterum
538 1577 828 1658 fufione
892 1580 1378 1684 redigendus,
1528 1579 1710 1656 Hoc
1777 1580 2102 1655 omnino

191 1682 556 1781 congruit
611 1706 781 1755 cum
836 1683 984 1770 εἰς,
1036 1705 1200 1782 quae
1249 1682 1376 1757 via
1448 1681 1795 1755 accidunt
1856 1679 2102 1755 humi·-

193 1782 318 1854 da.
426 1783 644 1880 Aqua
722 1803 1048 1880 namque
1105 1779 1454 1867 servem,
1498 1784 1697 1857 nitro
1761 1779 1886 1855 vel
1956 1777 2102 1855 sale

191 1880 560 1956 Glauberi
637 1877 925 1972 satiata,
1009 1880 1277 1959 senfim
1353 1878 1749 1986 frigefaila
1801 1901 2101 1982 partem

191 1979 591 2083 depoiiere
638 1986 987 2088 cogitur,
1038 2007 1187 2084 qua
1233 1981 1374 2058 fuit
1420 2001 1735 2060 onerata
1783 1983 1941 2060 sola
1973 2007 2101 2058 ca-

183 2082 377 2160 loris
433 2086 732 2166 virtute.
841 2084 919 2160 Si
972 2083 1348 2186 globulus:
1368 2083 1570 2176 fusus
1641 2083 2105 2184 perlucidus·

191 2208 374 2284 que,
428 2187 558 2284 qui
609 2183 1190 2286 refrigeratione
1231 2183 1447 2262 foret·
1484 2207 1793 2287 opacuS,
1842 2183 1897 2261 fi
1945 2185 2098 2278 hie,

192 2287 539 2386 inquam,
595 2285 775 2362 sebo
827 2285 1108 2381 fluido,
1157 2310 1364 2388 aquae
1413 2288 1538 2365 vel
1598 2286 1721 2362 alii
1769 2287 2101 2362 materiae

189 2387 477 2561 teqidae
538 2388 660 2487 (in
721 2386 1008 2491 frigida
1066 2388 1516 2490 plerumque
1564 2387 2101 2504 disrumpitur)

191 2512 286 2564 ce

320 2494 549 2563 eriter
604 2492 1134 2593 immergitur,
1183 2491 1370 2568 adeo
1423 2513 1503 2566 ut
1547 2510 1943 2565 momento
1998 2513 2101 2561 ci·
2146 2514 2151 2519 ·

187 2592 345 2666 tius
394 2588 854 2681 indurescat,
901 2588 1508 2691 perluciditatem
1557 2591 1875 2667 retinet:
1927 2613 2101 2691 par-

189 2688 575 2768 ticulaeaeiu
624 2713 719 2767 eo
771 2681 969 2788 quali
1016 2689 1201 2767 statu
1253 2691 1624 2797 figuntur,
1673 2693 1801 2789 qui
1852 2684 2102 2792 perluss

189 2788 486 2869 ciditati
550 2790 656 2869 est
735 2789 1202 2869 necess‘arius.
1342 2794 1458 2870 En
1530 2794 2104 2894 phaen'omenon

189 2888 1014 2997 notatudigniffimum
1046 2949 1070 2986 ,
1122 2892 1331 2993 quod
1399 2899 1478 2973 in
1534 2892 1919 2971 crucibulo
1987 2892 2101 2967 vi·

191 2993 385 3079 dere
435 3018 597 3073 non
647 2993 844 3070 licet.

797 3254 806 3259 ⁵
830 3144 1050 3222 Terra
1089 3145 1485 3249 ponderosa.

351 3299 550 3377 Sota
611 3298 940 3378 flammae
995 3300 1330 3401 exposita
1363 3300 1452 3377 fit
1503 3296 1859 3390 caustica,
1907 3320 2099 3397 aqua

191 3398 589 3575 so}ubilist,
663 3402 746 3476 in
811 3398 1042 3480 acidis
1125 3428 1286 3479 non
1363 3398 1919 3493 effervescen3‚
1991 3398 2103 3473 uti

191 3525 284 3577 ca
321 3524 554 3577 carea.

193 3651 299 3731 IN
347 3649 569 3728 alkali
597 3650 786 3747 Jodae
847 3677 1118 3752 parum
1198 3650 1677 3746 effervescit,
1740 3651 1871 3731 sed
1936 3649 2103 3728 sen-

399 3750 711 3849 fibiliter
755 3748 1226 3842 diminuitur.

1003 3853 1085 3930 G
1121 3880 1178 3966 g
1223 3879 1263 3953 5
2008 3850 2125 3927 IN..
