2760 4749
692 322 816 405 De
856 320 1063 407 calce
1090 299 1289 408 ‘auri
1292 319 1837 433 fulminante.
2073 351 2222 435 153

322 556 507 609 cum
560 532 764 607 nitro
826 532 1263 611 flammante
1336 537 1594 611 tritura
1663 535 1850 611 ficca
1901 535 2230 612 adunare

322 634 815 723 tentavimu8‚
867 633 997 710 sed
1047 662 1207 711 non
1266 636 1401 711 nifi
1437 636 1834 736 pulverem
1865 640 1942 711 in
1978 638 2230 714 calore

322 732 773 809 stridentem
832 732 974 812 hac
1037 745 1160 811 via
1212 737 1559 813 obtinere
1679 739 2024 813 eruimus.

482 836 572 931 C)
625 833 807 910 Cum
864 837 989 911 hic
1041 836 1139 913 sal
1187 862 1281 913 eo
1334 862 1566 937 usque
1641 859 1699 912 1t
1752 841 1830 912 in
1882 863 2068 938 aqua
2115 838 2233 915 so·

320 933 617 1027 labilis,
669 957 751 1010 ut
803 936 1329 1015 humiditatem
1378 938 1902 1039 atmosphaerae
1971 939 2231 1015 luben-

323 1056 451 1111 ter
510 1038 881 1125 attrahat,
962 1064 1141 1113 auro
1220 1039 1651 1115 fulminanti
1707 1038 1762 1115 fi
1821 1038 2030 1132 infit,
2099 1065 2232 1115 co-

326 1133 544 1215 stura
597 1135 903 1214 aufferri
946 1138 1155 1240 poffe
1220 1140 1700 1221 credidimus,
1829 1141 2005 1215 Una
2086 1140 2234 1243 igi·

328 1258 458 1312 tur
496 1262 669 1337 pars
718 1264 891 1313 cum
945 1265 1155 1339 aquae
1204 1240 1583 1317 destillatae
1653 1241 2024 1317 sexcentis
2092 1264 2280 1342 per‘

330 1342 717 1441 integram
768 1340 1083 1428 horam,
1136 1341 1404 1417 &uno
1455 1340 1852 1441 interjecto
1907 1341 2074 1432 die,
2109 1367 2233 1418 ea-

328 1439 515 1514 dem
570 1466 742 1514 cum
795 1443 949 1517 aliis
1014 1441 1386 1518 sexcentis
1465 1468 1676 1542 aquae
1734 1443 2070 1542 partibus
2141 1470 2234 1517 ae·

324 1544 535 1637 quali
584 1546 953 1642 temporis
1000 1542 1237 1643 spatio
1290 1547 1846 1639 coquebantur,
1907 1542 2032 1618 sed
2085 1543 2240 1619 fru-

324 1640 509 1731 stra,
574 1667 747 1717 nam
798 1644 1047 1743 pulvis
1094 1645 1337 1720 nihilo
1383 1648 1630 1721 minus
1668 1644 1933 1719 eadem
1989 1668 2074 1717 ae
2107 1669 2236 1719 an·

322 1763 452 1815 tea
501 1741 933 1820 fulminavit
1009 1746 1510 1821 vehementia.
1635 1748 1776 1819 Per
1825 1744 2103 1847 gradus
2159 1767 2234 1819 e-

324 1842 544 1919 undo
586 1862 779 2019 ffuae
828 1840 1567 1936 efficacia‘obfervari
1598 1846 1840 1948 potest
1866 1903 1888 1937 ,
1951 1847 2232 1920 etenim

328 1967 375 2018 e
424 1970 601 2020 rnen
666 1971 805 2022 ruo
852 1946 1231 2045 dejestum
1281 1971 1540 2022 aurum
1603 1945 1758 2022 fine
1847 1945 2232 2023 edulcora-

252 2048 269 2061 ’
324 2045 543 2122 tione
606 2048 784 2135 vix,
836 2071 921 2123 ac
968 2072 1065 2124 ne
1110 2049 1245 2122 vix
1294 2047 1649 2147 quidem,
1703 2047 2086 2139 fulminat,
2159 2071 2234 2121 a·

326 2170 482 2245 qua
525 2171 719 2222 vero
764 2145 1040 2249 frigida
1092 2174 1254 2223 non
1325 2147 1514 2223 nihil
1575 2148 1902 2223 lavatum
1979 2148 2234 2247 explo-

326 2248 447 2322 dit
500 2248 852 2348 quidem‚
895 2248 1021 2325 sed
1091 2247 1283 2325 sono
1361 2271 1732 2349 perquam
1808 2246 2080 2323 obtuso
2153 2246 2236 2322 &

326 2348 640 2429 flamma
690 2348 959 2428 diffusa
1010 2350 1297 2444 lucida,
1373 2347 1476 2425 ast
1522 2348 1577 2424 fi
1633 2348 2038 2448 copiosiori
2110 2347 2238 2424 vel
2303 2412 2310 2422 .

329 2449 575 2528 calida
631 2453 959 2542 eluatur,
1013 2451 1404 2552 fragorem
1461 2452 1739 2524 excitat
1795 2449 2019 2524 valde
2073 2472 2238 2523 acu-

328 2571 497 2628 tum
524 2551 633 2632 ,δι
684 2552 1146 2629 flammulam
1202 2552 1616 2626 obscuram.
1741 2551 1935 2625 Haec
1990 2551 2240 2624 maxi·

329 2677 461 2729 ma
485 2651 812 2729 efficacia
859 2653 1210 2730 coffione
1260 2655 1341 2726 in
1374 2676 1565 2750 aqua
1611 2650 1888 2726 deinde
1926 2673 2066 2726 nec
2095 2649 2240 2724 mi-

330 2757 629 2846 nuitur,
680 2772 1183 2857 necaugetur
1225 2808 1245 2847 ‚
1300 2753 1355 2829 fi
1401 2751 1590 2828 fides
1643 2747 1990 2844 habenda
2042 2750 2242 2833 auri-

328 2853 515 2947 buS,
586 2857 947 2954 quamdiu
1018 2855 1478 2932 adcuratiori
1533 2847 2020 2930 mensurandi
2080 2867 2241 2925 me-

290 2957 584 3034 ·thodo
638 2957 1139 3038 destituamur.

489 3060 725 3159 Quot>
786 3060 866 3132 in
922 3058 1067 3159 olla
1117 3057 1387 3158 Papini
1442 3051 2035 3130 destruatur‘vis
2105 3049 2242 3126 ful·

328 3164 637 3238 minans
691 3182 924 3235 nemo
975 3159 1371 3234 mirabitur
1408 3209 1429 3249 2
1480 3156 1608 3254 qui
1663 3153 1999 3232 calorem
2045 3153 2126 3228 in
2163 3151 2243 3227 il-

328 3263 401 3342 la
449 3265 897 3363 operantem
958 3257 1382 3336 confiderat
1439 3257 1532 3358 (ξ.
1585 3255 1752 3355 IV).

484 3363 601 3458 D)
660 3365 953 3438 Auium
1002 3359 1224 3436 acido
1283 3358 1680 3434 muriatico
1749 3356 1843 3431 de
1906 3354 2039 3429 blo
2101 3351 2243 3428 isti-

328 3486 505 3590 cato
568 3462 893 3542 ioluturn
936 3465 1062 3566 g),
1113 3459 1478 3657 &Kalskali
1525 3456 1816 3533 volatili
1899 3456 2011 3556 eje
2091 3479 2249 3632 2311,

414 3741 486 3826 g)
526 3741 619 3800 De
657 3734 1097 3801 atti-afflonibus
1133 3729 1375 3798 eleflivis
1407 3731 1472 3836 in¹
1505 3737 1591 3798 N.
1623 3727 1788 3792 Astis
1818 3729 1972 3812 Ups.
2011 3730 2126 3794 vol.
2159 3727 2242 3798 Π,

508 3843 652 3910 pag.
707 3837 863 3888 202.
1467 3840 1472 3849 ·
