2760 4749
463 258 473 270 .
548 315 706 404 144
923 288 1045 375 De
1072 286 1277 376 calce
1312 289 1526 383 auri.
1539 283 2098 403 fulminante.¹

544 502 823 577 mirum
868 498 1289 585 fulminatio
1342 501 1758 579 instituatur
1789 500 2012 602 supra
2061 501 2440 600 majorem

540 602 962 678 carbonum
1018 602 1502 680 candentium
1552 626 1851 695 aream,
1906 626 2084 677 nam
2137 626 2223 680 ea
2269 627 2446 702 per·-

538 700 699 779 asta
758 706 1007 779 multae
1032 702 1434 781 audiuntur
1463 702 2140 804 decrepitatione3‚
2173 727 2216 779 e
2323 728 2439 779 ra-

550 804 668 879 nis
715 806 1075 905 integris»,
1138 804 1588 883 inferiorum
1641 807 1930 907 impetu
1997 802 2250 905 disper
2281 828 2367 886 ιε,

446 1074 453 1081 ,
682 986 784 1071 F)
830 988 1030 1063 Non
1090 962 1327 1065 fimul'
1373 986 1720 1091 explodit
1800 1010 1986 1091 aqua
2055 984 2440 1079 imbutum,

530 1083 659 1163 sed
710 1086 1035 1185 quodvis
1088 1114 1408 1192 granum
1456 1094 1531 1163 in
1581 1090 1853 1181 ordine
1907 1086 2437 1165 exficcationis

536 1188 783 1265 folum
830 1187 1255 1289 decrepitat,
1303 1188 1530 1267 instar
1573 1187 1740 1267 salis
1793 1188 2162 1272 culinaria

522 1436 529 1445 .
682 1364 789 1459 G)
837 1362 933 1439 IN
981 1361 1171 1437 vasis
1221 1362 1488 1440 vitreis
1556 1360 1812 1441 clausis
1848 1416 1872 1456 ,
1939 1362 2066 1439 vel
2123 1382 2438 1464 apertu-

533 1491 617 1541 ra
670 1492 874 1565 aquae
931 1463 1333 1551 immerfi3‚
1387 1464 1778 1541 moderata
1823 1467 2125 1567 portio,
2171 1487 2256 1541 ut
2281 1464 2440 1539 fra·

538 1568 745 1643 stura
782 1567 1163 1650 evitetur,
1216 1564 1567 1641 fulminat
1619 1568 1925 1664 quidem
1953 1622 1976 1657 ,
2019 1563 2150 1643 sed
2193 1566 2436 1664 [ἐπερί-

530 1685 611 1745 tu
658 1665 1023 1741 admodum
1087 1659 1341 1759 debili,
1409 1668 1534 1765 qui
1601 1670 1892 1767 percipi
1957 1669 2090 1743 vix
2165 1664 2430 1767 potest.

530 1766 1007 1869 Explofienis
1061 1787 1304 1847 autem
1354 1789 1754 1866 momento
1783 1765 2082 1859 fluidum
2133 1770 2438 1867 erumpit

528 1868 895 1955 clasticum,
924 1868 1127 1965 quod
1168 1865 1700 1969 refrigeratum
1744 1865 2034 1967 septem
2059 1866 2224 1943 fere
2268 1869 2436 1967 'pol-

530 1969 713 2043 lices
785 1966 1183 2047 decimales
1234 1966 1500 2067 implet
1534 2024 1556 2059 ‚
1615 1968 1670 2044 si
1728 1966 2042 2065 dimidia
2094 1968 2436 2070 pulveris

530 2067 889 2141 drachma
936 2067 1334 2142 adhibetur
1354 2094 1378 2164 3
1463 2067 1630 2150 hoc,
1687 2068 2072 2145 flammam
2157 2066 2434 2145 exstin-

526 2170 689 2270 guit
705 2196 728 2265 3
775 2168 1123 2244 animalia
1172 2190 1434 2250 enecat
1448 2194 1474 2263 3
1521 2166 1786 2267 aquam
1840 2164 2122 2270 respuit
2155 2193 2432 2269 puram

527 2270 611 2349 &
654 2294 750 2345 ne
803 2268 1111 2367 'quidem
1162 2267 1363 2346 illam
1414 2269 1709 2368 turbat,
1754 2295 1918 2369 quae
1969 2272 2258 2347 calcem
2311 2270 2429 2347 fo·

536 2393 665 2449 vet
709 2368 1049 2454 solutam.
1485 2383 1491 2390 ·

688 2521 807 2618 Η)
868 2525 957 2600 ΙΝ
1002 2523 1191 2600 valis
1241 2521 1632 2600 metallicis
1661 2541 1719 2614 ,·
1757 2521 2166 2600 sufficiente
2225 2529 2432 2623 pra-:-

524 2626 704 2702 ditis
744 2626 1143 2710 firmitate,
1201 2621 1690 2726 perfec'teque
1745 2624 2034 2715 claufiS‚
2085 2627 2252 2728 igni
2299 2649 2436 2702 ex·-

427 2811 435 2820 ,
522 2727 848 2828 pofitum
894 2749 1155 2805 aurum
1216 2724 1628 2800 fulminans
1661 2782 1683 2814 ‚
1764 2728 1982 2801 tacite
2061 2729 2433 2802 reducitur

524 2829 608 2904 ἃ.-
656 2825 811 2904 fine
861 2827 1029 2901 ullis
1080 2826 1469 2904 violentiae
1549 2823 1900 2926 vestigiis.
2020 2826 2250 2902 Aeris
2303 2853 2432 2902 ac·

524 2925 719 3004 ceffu
770 2950 927 3002 non
976 2928 1165 3004 nihil
1217 2949 1507 3023 tantum
1559 2925 1976 3028 impedite,
2047 2927 2434 3004 metallica

514 3025 834 3104 claustra
905 3030 1149 3131 magis
1220 3029 1652 3119 tentantur,
1729 3025 1783 3105 fi
1850 3049 2042 3102 vero
2090 3025 2177 3105 ea
2249 3025 2434 3111 satis

522 3129 664 3205 fint
724 3130 997 3220 valida,
1049 3129 1129 3204 δι
1174 3153 1338 3204 non
1386 3127 1520 3202 nisi
1569 3125 2030 3208 subtiliffima
2073 3126 2431 3208 elabendi

521 3233 762 3318 rima,
842 3229 1089 3306 fumus
1169 3227 1480 3326 quidem
1541 3227 1716 3328 per'
1748 3229 1947 3304 hanc
2077 3251 2429 3324 enetrat‚

434 3367 437 3370 ’
521 3331 649 3408 sed
700 3332 993 3431 placide
1036 3329 1115 3404 &
1158 3327 1313 3405 fine
1365 3345 1722 3430 rupturas,
1775 3327 1980 3427 quod
2077 3332 2136 3404 is
2169 3327 2428 3408 sumus

521 3433 817 3534 experti
866 3430 1185 3506 dimidio
1240 3430 1536 3506 circiter
1583 3428 1800 3526 hujus
1839 3430 2064 3519 calcis
2109 3427 2430 3532 scrupu-⁸

446 3560 450 3565 ·
521 3537 640 3625 10,
688 3557 840 3631 quo
888 3531 1239 3608 locellum
1301 3531 1596 3610 aeneum
1664 3529 2284 3630 implevimus&
2348 3557 2424 3608 a·

388 3697 407 3760 2
521 3657 909 3753 pei-tutam
964 3633 1139 3712 dein
1186 3629 1487 3716 robusta
1536 3630 1845 3711 cochlea
1892 3629 2424 3732 firm-avimuS,

2286 3757 2418 3811 Va·
