2760 4749
733 294 861 385 De
911 315 1133 384 terra
1197 293 1692 432 Turnqalini.
2009 324 2161 412 125

255 505 456 590 ustio
494 563 519 606 ‚
563 534 751 587 mox
804 508 1147 601 albescit,
1188 507 1488 611 spumat
1538 510 1698 586 fere
1753 507 1979 588 instar
2029 511 2166 589 bo·

252 615 491 706 racis,
538 612 1001 711 tandemque
1054 615 1496 687 continuato
1546 614 1729 716 igne
1777 615 1857 687 in
1901 612 2167 716 globu-

252 716 415 791 lum
462 712 858 817 redigitur.
918 806 941 816 ἱ
975 713 1233 812 Majus
1307 711 1698 789 frustulum
1760 737 1957 814 aegre
2022 713 2170 790 col-

252 813 641 916 liquescit,
702 812 831 890 {ed
870 813 1185 896 {coriam
1222 814 1514 914 praebet
1541 815 1912 908 inflatam,
1943 811 2168 916 spon·

252 913 555 1020 giosam
608 913 689 990 &
739 912 1089 989 albidam.
1459 957 1467 971 ι
1517 948 1524 958 ’

406 1067 593 1142 Hoc
644 1063 883 1142 modo
938 1063 1012 1140 se
1066 1069 1259 1169 gerit
1354 1065 1727 1167 Tyrolenfis
1786 1067 1868 1148 &
1941 1065 2169 1164 Ceylo·

252 1170 457 1272 nicar
512 1163 1039 1272 crystallisatus
1063 1219 1086 1263 ,
1141 1165 1576 1267 posterioris
1627 1189 1874 1245 autem
1942 1165 2172 1248 frusta

254 1273 489 1374 nigra
537 1269 618 1344 &
673 1267 1044 1367 amorpha
1094 1292 1357 1367 parum
1412 1267 1958 1363 intumescunt,
2037 1270 2172 1361 δι,

254 1396 427 1468 quoe
473 1370 554 1445 in
596 1367 993 1466 superficie
1040 1370 1384 1446 oriuntur
1436 1368 2006 1447 scorificationis
2059 1376 2171 1446 in-

256 1471 500 1562 dicia,
590 1467 795 1544 fusca
847 1466 1017 1545 sunt
1046 1521 1068 1561 ‚
1150 1494 1308 1545 non
1370 1468 1641 1546 albida.
1744 1469 2176 1568 Brafilienfis

252 1570 791 1749 ilpbglobulsttmlt
834 1573 1028 1746 1cogi
1074 1572 1394 1668 nequit,
1452 1569 1580 1647 sed
1655 1567 1978 1646 scoriam
2043 1592 2172 1646 ex·

313 1699 339 1748 1
402 1693 479 1749 et
534 1697 638 1772 pu
703 1695 749 1748 u
781 1695 828 1748 o
867 1695 1008 1748 am.

412 1823 513 1924 B)
532 1825 700 1914 SAL,
733 1825 861 1923 qui
884 1823 1504 1901 microcosmicus
1543 1821 1772 1918 audit,
1802 1825 1878 1899 in
1915 1822 2175 1900 carbo·

256 1950 359 2003 ne
406 1923 683 2017 fusum,
731 1924 1165 2003 Turmalini
1220 1927 1570 2030 exiguam
1612 1918 2176 2027 portiunculam

256 2053 437 2104 cum
516 2024 753 2102 debili
816 2023 1387 2108 effervescentia
1451 2024 1938 2130 adgreditur,
2007 2053 2174 2126 quae

254 2151 523 2206 tamen
590 2149 775 2202 mox
829 2125 1149 2218 definit,
1200 2131 1664 2225 [remanente
1726 2127 2176 2229 corpusculo

139 2313 152 2325 ,
255 2231 425 2322 fere
499 2227 929 2328 diaphanO,
1004 2223 1343 2328 adeoque
1423 2231 1557 2305 vix
1614 2225 2177 2319 discernend0‚

257 2328 403 2407 nifi
454 2331 537 2405 in
588 2326 1053 2432 refrigerato
1106 2329 1444 2432 globulo,
1548 2327 1730 2405 Hoc
1803 2326 2179 2409 refiduutn

256 2432 674 2536 aegerrime
739 2427 1101 2521 solvitur,
1162 2432 1451 2530 reliqua
1516 2451 1708 2504 vero
1773 2426 2001 2505 maffa'
2065 2429 2179 2505 vi·

259 2557 427 2609 trea
479 2528 669 2607 illud
720 2530 1201 2608 circumdans
1232 2532 1429 2609 clara
1463 2528 1948 2632 reperitur&
1989 2530 2206 2635 hya·.

258 2634 477 2725 lina,
534 2632 889 2711 uberiore
972 2630 1493 2709 additamento
1552 2634 1854 2722 virenS,
1919 2656 2180 2731 quam·

256 2734 394 2811 diu
450 2733 648 2809 calet
697 2731 780 2810 ἃ
846 2732 1295 2835 refrigerata
1357 2730 1756 2809 lastescens
1788 2785 1812 2825 ‚
1932 2734 2184 2811 raeier·

256 2838 400 2913 tim
452 2857 497 2910 e
558 2834 950 2935 particulis
1020 2859 1184 2912 non
1247 2833 1530 2911 solutis.
1632 2834 1866 2939 Singu
1896 2858 1960 2911 ει·
2027 2858 2231 2911 -va··

259 2938 633 3015 riationes
696 2932 1039 3010 similiter
1088 2936 1240 3014 hoc
1293 2932 1640 3038 respec‘iu
1699 2932 1773 3011 se
1841 2932 2126 3012 habent
2156 2989 2180 3032 ‚

256 3058 783 3220 prissterquam
881 3036 1092 3135 quod
1158 3038 1402 3142 nigrae
1489 3060 1748 3139 opacae
1837 3037 2234 3147 colorem¹

296 3164 345 3216 u
382 3158 593 3226 cent.

416 3271 525 3371 C)
575 3274 853 3359 130an
918 3278 1201 3355 eodem
1257 3272 1424 3355 fere
1486 3274 1728 3353 modo
1802 3270 2184 3355 Tur-mali-

258 3397 457 3451 num
512 3372 849 3476 suscipit,
905 3374 1037 3454 sed
1084 3376 1500 3457 distinaius
1554 3378 1804 3456 fervet
1855 3376 1938 3455 δι
2011 3380 2186 3457 vali·

256 3474 441 3551 dius
497 3475 728 3553 solvit
752 3528 777 3572 ,
837 3477 1031 3556 adeo
1108 3504 1191 3559 ut
1274 3478 1678 3557 difficulter
1734 3479 2188 3576 opacitatem

252 3576 695 3695 pet-festam
777 3583 1178 3660 contrahat
1212 3640 1233 3672 ,
1323 3604 1654 3682 excepto
1723 3581 2184 3660 Turmalino

260 3704 559 3789 nigro,
614 3680 749 3784 qui
796 3704 1035 3783 parca·
1081 3682 1243 3767 dofi
1302 3680 1918 3788 perluciditatem·
1966 3704 2010 3759 e
2051 3682 2195 3857 'fig
