2760 4749
598 316 753 423 176
1277 304 1408 393 De
1465 266 1850 395 Μαίη(

585 544 725 625 gre
796 518 1188 597 solubilem
1209 570 1231 609 ,
1288 517 1614 620 ideoque
1681 518 1846 593 fere
1899 513 2203 619 semper
2249 516 2488 615 instar

586 621 1035 725 praecipitati
1104 618 1620 714 decidentem,
1674 618 1812 697 nifi
1875 640 2093 696 extra
2155 622 2482 697 modum

584 720 1017 821 consuetum
1070 719 1401 799 abundet
1451 746 1662 823 aqua.
1803 760 1810 767 ·

1411 923 1476 1026 §-
1527 925 1626 1004 v.

826 1076 1131 1166 Platina
1191 1106 1355 1195 ope
1406 1074 1640 1165 calcis
1694 1076 2212 1191 praecipitata.

750 1243 847 1341 Α)
898 1242 1155 1336 (ΞΑιΧ,
1199 1242 1353 1319 five
1408 1239 1762 1339 caustica,
1809 1239 1964 1317 five
2018 1250 2302 1332 aerata,
2366 1264 2480 1316 eo·

583 1342 737 1419 dem
778 1343 975 1420 modo
1026 1344 1389 1419 Platinam
1449 1343 1916 1443 praecipitat,
1963 1367 2050 1415 ac
2081 1340 2304 1416 alkali
2339 1344 2480 1415 mi·

584 1444 861 1539 ner-ale,
923 1442 1113 1523 adeo
1164 1464 1247 1519 ut
1296 1442 1491 1519 nihil
1554 1442 1959 1545 crystallini
2017 1455 2100 1517 ‘ea
2128 1440 2476 1543 prodeat.

736 1612 834 1714 B)
887 1616 1279 1709 smnus,
1326 1640 1490 1717 quae
1535 1618 1614 1691 in
1671 1614 2274 1718 praecedentibus
2309 1614 2484 1690 alla·

581 1737 657 1793 ta
710 1714 912 1807 sunt,
965 1717 1345 1817 penfitatis
1372 1772 1398 1813 ‚
1441 1718 1838 1817 peculiaris
1868 1718 2110 1815 elucet
2152 1716 2480 1817 analogia

580 1823 773 1893 inter
828 1815 1081 1893 Alkali
1142 1815 1524 1919 vegetabile
1573 1817 1662 1893 89⁴
1713 1819 2000 1894 volatile
2017 1826 2046 1907 ‚¹
2110 1839 2248 1890 nec
2315 1840 2477 1891 non

578 1920 769 1992 inter
816 1916 1069 1993 Alkali
1110 1919 1439 1994 minerale
1475 1919 1564 1994 8⁵³
1585 1919 1859 1995 calcem.
1967 1916 2244 1993 Similis
2293 1942 2478 1991 conv

583 2018 969 2091 venientia
1008 2020 1235 2093 etiam
1292 2020 1373 2093 in
1441 2019 1599 2097 aliis
1663 2019 1942 2097 cafibus
2013 2018 2266 2093 locum
2345 2018 2478 2093 ha-

581 2118 735 2193 bet.
837 2116 1293 2219 Exemplum
1357 2118 1694 2195 adferam
1744 2120 1915 2195 satis
1966 2116 2472 2222 perspicuum.

584 2218 940 2311 Alumen,
988 2241 1029 2293 e
1080 2220 1410 2296 materiis
1458 2222 1875 2325 argillaceis
1917 2244 2068 2321 ope
2123 2218 2320 2293 acidi
2363 2221 2474 2295 vi·

578 2318 857 2398 triolici
904 2317 1358 2414 extrastum‚
1414 2348 1573 2398 non
1649 2346 2058 2422 numquam
2129 2344 2338 2422 aegre
2391 2320 2474 2396 in

579 2419 969 2523 crystallos
1031 2425 1208 2524 cogi
1256 2423 1498 2522 potest
1565 2419 1833 2506 solidas
1912 2423 1993 2500 &
2060 2423 2471 2524 regulares·

574 2523 783 2598 Huic
834 2525 1026 2598 vitio
1078 2523 1558 2624 portiuncula
1604 2523 1824 2603 alkali
1869 2523 2314 2628 vegetabilis
2350 2524 2473 2599 ad-

578 2625 736 2698 dita
781 2626 1074 2700 mederi
1118 2625 1290 2700 licet
1338 2629 1443 2725 e),
1507 2625 1589 2702 &
1649 2626 1854 2700 idem
1909 2648 2209 2725 quoque
2277 2649 2471 2724 prae·

576 2723 713 2798 stat
760 2724 977 2800 alkali
1029 2724 1359 2801 volatile.
1463 2727 1956 2828 Si.quispiam
2016 2725 2472 2827 suspicetur,

576 2824 778 2899 hunc
840 2821 1191 2902 effeEium
1244 2825 1544 2902 sublatae
1591 2827 1742 2926 hoc
1804 2827 2062 2903 medio
2145 2825 2339 2902 acidi
2405 2851 2474 2899 a·

575 2925 1008 3004 bundantiae
1056 2926 1201 3004 ess'e
1250 2926 1774 3020 tribuendum,
1825 2931 1999 3004 {ciat
2059 2952 2198 3003 nec
2249 2925 2474 3002 alkali

578 3029 968 3118 minerali,
1020 3053 1160 3105 nec
1219 3029 1460 3119 calce,
1523 3029 1906 3129 aequaliter
1990 3027 2421 3104 satiantibus
2446 3079 2470 3118 ‚

576 3126 933 3206 eumdem
974 3129 1304 3206 obtineri
1343 3128 1576 3230 poss'e.
1685 3131 2086 3222 Ceterum,
2124 3155 2284 3204 non
2311 3150 2472 3204 ran·

455 3268 461 3276 ’
574 3251 736 3304 tum
793 3228 1091 3321 alkalia,
1168 3231 1591 3331 vegetabile
1646 3233 1726 3309 δε
1779 3232 2122 3321 volatile,
2183 3231 2468 3321 libera,

576 3331 924 3406 aluminis
978 3329 1671 3431 crystallisationem
1721 3335 2022 3430 juvant,
2066 3331 2194 3408 sed
2241 3333 2470 3407 etiam

576 3429 809 3506 acidis
854 3428 948 3505 ad
995 3428 1448 3508 saturitatem
1495 3434 1793 3531 inusta,
1867 3435 2073 3533 quod
2145 3431 2469 3508 fimilitu·

579 3531 837 3608 dinem
889 3535 1212 3608 omnino
1264 3535 1618 3638 complet.
1733 3539 2058 3613 Minerae
2123 3535 2468 3706 alumini?

2341 3655 2436 3710 ve

666 3809 729 3888 e)
772 3811 1145 3880 Miasena,
1191 3809 1373 3873 Mem.
1415 3804 1485 3869 de
1504 3806 1542 3868 l’
1575 3808 1690 3870 Ac.
1732 3804 1806 3868 de
1841 3805 2059 3880 Berlin,
2097 3806 2136 3867 1·
2155 3826 2230 3869 an
2279 3815 2471 3886 1754.
