2760 4749
569 363 726 446 50²
950 331 1075 420 De
1139 329 1370 420 Tubo
1398 325 2113 442 fhrruminatoria.

557 546 962 624 calcinatur
1017 545 1098 623 &
1142 541 1552 646 suscipit-ur.
1646 545 1980 620 Minima
2002 543 2243 630 -calcis
2280 569 2467 646 por-

557 650 884 726 tiuncula
929 648 1172 724 fluxus
1224 647 1542 725 caeruleo
1597 645 1891 722 intense
1937 647 2207 749 tingit,
2252 649 2470 745 quod

553 768 812 825 tamen
871 748 1102 826 radiis
1153 748 1493 826 refrastis
1547 745 1785 822 visum
1842 769 2149 848 apparet
2216 749 2467 824 viola-

554 857 799 926 ceum.
904 851 1058 925 Hic
1132 852 1348 927 color
1406 851 1488 925 in
1558 849 1737 952 igne
1810 848 1913 925 est
1965 847 2470 949 pertinaciffi·

553 976 746 1029 mus,
853 951 914 1027 E
969 953 1281 1052 globulo
1332 947 1655 1027 caeruleo
1710 951 1787 1024 in
1840 948 2048 1027 ferro
2112 951 2471 1052 praecipi-

553 1075 749 1130 tatur
804 1053 1226 1145 cobaltum,
1279 1077 1440 1128 non
1488 1071 1731 1127 autem
1786 1052 1864 1126 in
1920 1075 2179 1149 cupro,

704 1153 923 1230 CArx
977 1153 1162 1230 ferri
1225 1153 1622 1230 cobaltinae
1684 1151 2032 1228 immixta
2102 1155 2185 1226 in
2256 1151 2469 1230 fluxu

555 1258 772 1378 grint
824 1254 1160 1331 solvitur.

1199 1369 1791 1468 Illineralisatum.

710 1473 1129 1551 Coun-rum
1191 1471 1536 1574 lielpburis
1602 1475 1898 1548 tertiam
1969 1467 2281 1545 circiter
2358 1467 2472 1547 sui

553 1577 918 1679 ponderis
989 1596 1284 1677 partem
1349 1571 1635 1678 fullone
1694 1569 2023 1672 suscipit,
2089 1570 2222 1647 sed
2278 1569 2470 1648 dein

555 1678 747 1755 adeo
799 1676 1313 1753 refrastariam
1367 1673 1613 1750 induit
1666 1696 2052 1763 naturam,
2108 1692 2189 1748 ut
2230 1697 2472 1775 aeger·

551 1781 743 1858 rime
789 1779 1236 1854 fluiditatem
1287 1776 1653 1876 adquirat.
1714 1775 2034 1853 Ferrum
2064 1797 2471 1873 ‚cuprum,

551 1882 910 1978 variaque
963 1879 1102 1954 alia
1158 1878 1455 1954 metalla
1511 1877 1890 1952 cobalturn
1956 1877 2467 1974 praecipitant.

712 1983 1037 2056 Mmmm
1081 1977 1402 2081 vulgaris
1442 1975 1887 2053 ustulatione
1934 1975 2015 2052 &
2057 1973 2353 2052 fufione
2386 1980 2469 2054 in

550 2087 836 2162 Borace
889 2079 1236 2180 regulum
1291 2081 1617 2181 praebet,
1672 2077 1800 2154 sed
1836 2079 2249 2176 impurum.

709 2182 1130 2260 Commu
1187 2180 1458 2273 viride,
1514 2179 1721 2279 quod
1776 2177 2138 2255 haste-nus
2172 2181 2471 2254 exami-

552 2286 781 2379 navi,
864 2283 1090 2358 salem
1157 2281 1821 2385 microcqsmicum
1887 2279 2214 2355 caeruleo
2300 2279 2473 2378 qui-

550 2393 728 2463 dem
782 2386 1058 2488 tingit,
1108 2380 1238 2459 sed
1289 2382 1505 2459 fimul
1555 2381 1873 2459 maculas
1943 2380 2271 2459 ostendit
2344 2406 2469 2457 ru-

551 2488 762 2581 bras,
817 2485 1032 2587 cupri
1081 2484 1389 2561 indicia.

1254 2601 1319 2703 §.
1384 2602 1745 2679 XXXIII.
1926 2640 1969 2687 x

1267 2707 1717 2791 Zincum.

979 2815 1398 2911 Regulinum
1451 2818 1538 2893 89³
1592 2816 2035 2892 calcinatum.

709 2919 1020 2995 chuM
1069 2917 1314 2995 fusum
1368 2920 1799 2999 accenditur
1839 2919 2125 2995 calcem
2178 2919 2473 3023 lanugi-

552 3017 816 3095 nosam
873 3018 1116 3095 albam
1173 3043 1582 3109 evomen5‚
1636 3044 1803 3116 quae
1854 3021 2014 3096 cito
2071 3020 2469 3124 elegantis·

551 3120 810 3195 fimam
863 3143 902 3194 e
955 3120 1185 3196 viridi
1221 3119 1824 3196 caerulescentern
1876 3120 2265 3197 flammam
2319 3121 2468 3198 suf·

553 3218 802 3317 focat,
853 3218 906 3293 fi
970 3242 1215 3295 autem
1268 3223 1621 3324 lanugine
1665 3244 2085 3297 memorata
2140 3223 2466 3299 inclusus

554 3319 857 3397 nucleus
911 3320 1296 3423 regulinus
1351 3324 1597 3398 nihilo
1645 3324 1897 3397 minus
1934 3325 2119 3427 igne
2159 3345 2465 3422 torque·

536 3445 726 3515 rur,
779 3420 1036 3495 denuo
1094 3420 1527 3497 accenditur
1578 3446 1716 3523 per
1755 3425 2012 3518 vices,
2088 3422 2217 3501 sed
2272 3422 2461 3499 diffi-

553 3524 744 3601 liens
798 3521 878 3598 &
928 3520 1127 3619 quast
1180 3523 1625 3622 explodens,

717 3626 1003 3701 BonAc1
1079 3626 1356 3699 inditus
1442 3620 2065 3725 spumescentiam
2134 3626 2464 3713 excitat,

551 3728 774 3819 initio
821 3724 1205 3805 flammam
1254 3727 1525 3830 tingit,
1580 3728 1941 3803 continue
1985 3728 2351 3902 minumilir
2382 3727 2463 3801 δι

2329 3850 2459 3902 ux·
