2760 4749
634 309 677 391 3
692 308 791 391 52
996 274 1123 367 De
1184 267 1723 379 Praecipitatis
1777 268 2258 361 metallica.

622 492 881 565 niente
932 444 1456 565 inflammabili
1509 488 1856 581 materia,
1925 486 2022 565 ad
2077 484 2516 564 albedinem
2658 440 2659 477 Ν

622 610 814 667 vero
861 586 1251 667 redastum
1302 588 1654 667 omnibus
1700 586 2066 667 adunatur
2111 583 2208 689 b).

772 772 877 873 C‘)
930 774 1009 851 81
1080 772 1394 851 modum
1463 768 1852 850 solutionis
1918 770 2270 849 adcurate
2331 794 2514 847 con·

616 872 971 975 templati
1032 876 1396 968 velimuS‚
1445 876 1906 974 reperiemus
1957 872 2258 950 metalla
2305 896 2512 949 com-

620 975 822 1077 pleta
890 974 1189 1075 semper
1271 1000 1444 1052 cum
1523 972 2094 1051 effervescentia
2185 973 2514 1047 diminui

618 1098 853 1175 usque
892 1075 982 1152 ad
1023 1078 1361 1151 ultimam
1414 1073 1604 1154 visui
1653 1096 1992 1177 ereptam
2035 1074 2508 1175 particulam.

618 1178 917 1252 Scilicet
962 1179 1400 1259 innumerae!
1445 1174 1742 1251 bullulae
1801 1185 2040 1253 a'e’reae
2099 1178 2180 1249 in
2247 1174 2332 1251 su
2391 1198 2509 1249 er·

620 1274 789 1351 ficie
840 1274 1165 1352 immersi
1202 1274 1484 1353 metalli
1526 1277 1878 1353 continue
1919 1276 2275 1350 oriuntur
2309 1201 2392 1351 εξ
2428 1277 2510 1349 in

618 1378 989 1453 ambiente
1042 1374 1331 1475 liquido
1376 1396 1700 1453 enatant.
1807 1376 1954 1451 Hae
1997 1398 2094 1451 eo
2141 1375 2314 1450 sunt
2367 1375 2508 1450 fre-

618 1482 1099 1575 quentioreS,
1154 1502 1307 1576 quo
1352 1477 1666 1553 celerius
1712 1474 2058 1579 procedit
2093 1473 2370 1553 solutio
2437 1496 2508 1550 at

616 1576 927 1655 viciffim
991 1577 1214 1653 valde
1284 1602 1474 1654 rarae
1544 1578 1625 1655 &
1671 1579 1805 1655 vix
1851 1574 2220 1671 vifibiles‚
2283 1577 2340 1653 fi
2389 1532 2507 1653 ςτε-

616 1676 959 1755 studineo
1008 1676 1256 1783 gress'u
1305 1680 1716 1783 peragitur.
2103 1722 2112 1727 -

760 1866 1115 1939 meum
1168 1860 1542 1941 elasticum
1570 1918 1595 1953 ,
1641 1861 1850 1963 quod
1903 1862 2074 1937 heic
2127 1884 2278 1962 ope
2351 1867 2500 1937 aci-

614 1965 694 2041 di
747 1964 1007 2039 nitrofi
1052 1988 1095 2041 e
1144 1962 1449 2067 lingulis
1493 1964 1799 2041 metallis
1859 1984 2378 2063 provocatur,
2447 1962 2504 2039 fi

613 2084 975 2167 apparatu
1032 2066 1516 2165 pneumatice
1565 2066 1710 2141 rite
1785 2061 2186 2139 collee’tum
2235 2065 2502 2165 explo-

612 2189 868 2261 ratur,
918 2166 1111 2242 nihil
1158 2165 1355 2241 aliud
1405 2162 1552 2242 ess'e
1590 2166 2254 2263 invenitur‚quam
2290 2165 2502 2265 quod

578 2268 854 2369 vulgo
896 2277 1016 2341 ak'r
1058 2265 1351 2351 nitrofits
1403 2265 1627 2341 audit.
1710 2262 2186 2341 Menstruum
2239 2286 2502 2342 tamen

609 2389 1178 2451 concentratum
1264 2365 1483 2469 hujus
1553 2366 1921 2472 infignem
1991 2368 2294 2468 copiam
2369 2368 2498 2442 ab·

606 2469 915 2546 sorbere
960 2467 1177 2546 valet.
1231 2465 1408 2568 Ope
1455 2470 1811 2546 vitriolici
1853 2494 1894 2546 e
1935 2467 2240 2560 stann0,
2286 2467 2498 2544 ferro

606 2572 687 2648 δε
719 2573 945 2648 zinco
990 2565 1506 2661 inflammabilis
1538 2571 1940 2661 obtinetur,
1979 2572 2314 2668 itemque
2345 2592 2497 2670 ope

604 2671 1020 2761 muriatici,
1071 2694 1169 2747 ex
1217 2670 1375 2746 aliis
1424 2692 1668 2747 autem
1715 2671 2081 2762 metallis,
2152 2667 2354 2745 hisce
2417 2695 2498 2744 a·

604 2773 793 2848 cidis
854 2769 1339 2862 cedentibus,
1397 2771 1578 2845 alius
1645 2772 2095 2870 adquiritur,
2155 2771 2494 2847 mediati·

600 2896 675 2949 te
730 2897 1005 2974 nempe
1044 2875 1297 2974 priore
1323 2879 1439 2946 αὲν
1465 2871 1704 2948 acidus
1750 2869 2142 2946 vitriolicus
2161 2924 2190 2963 ,
2229 2871 2314 2949 δι
2353 2897 2494 2974 po-

600 2973 913 3052 steriore
979 2972 1231 3050 fimilis
1312 2977 1722 3049 muriaticus
1753 3027 1776 3064 ‚
1842 2993 2155 3071 uterque
2231 2995 2491 3048 tamen

598 3075 983 3153 interdum
1029 3086 1196 3151 aere
1252 3073 1772 3152 inflammabili
1824 3071 1992 3174 plus
2049 3073 2300 3151 minus
2378 3078 2487 3150 in-

600 3179 968 3277 quinatuS.

698 3327 822 3425 D)
846 3327 1037 3404 Dum
1086 3325 1463 3403 metallum
1503 3326 1818 3403 solvitur
1851 3325 2044 3428 saepe
2073 3329 2154 3402 in
2184 3326 2484 3426 liquore

597 3429 798 3504 calor
892 3447 1301 3530 generatur
1334 3481 1357 3520 ,
1421 3429 1622 3527 cujus
1693 3429 2074 3504 intenfitas
2151 3431 2484 3504 rationes

595 3533 897 3608 circiter
945 3525 1193 3606 mass‘ae
1240 3531 1321 3607 δι
1360 3531 1752 3610 celeritatis
1805 3530 2227 3606 comitatur.
2339 3529 2484 3604 Ita-

2339 3651 2482 3730 que

676 3785 749 3866 h)
783 3787 871 3852 De
910 3785 1143 3851 mineris
1184 3783 1319 3851 ferri
1355 3788 1499 3850 albia
1520 3829 1543 3862 ,
1579 3788 1639 3868 §-
1682 3789 1828 3858 vn.
