2760 4749
603 359 766 466 446
823 349 948 440 De
973 353 1485 440 minerarum
1526 321 1989 460 Dacimafia
2016 350 2391 442 humida.

749 565 881 666 D)
929 565 1353 644 Comi-nm
1400 563 1597 666 saepe
1642 565 1993 666 egregias
2040 565 2363 642 exhibet
2396 566 2501 659 ef-

576 663 1052 766 florelbenticts
1079 663 1328 742 rubras
1346 719 1370 758 ,
1421 669 1681 742 colore
1711 669 1869 764 jam
1902 665 2301 760 dilutiore,
2350 671 2499 754 jam

593 768 1080 858 saturatiore,
1127 767 1300 844 heic
1345 766 1572 842 instar
1621 767 1770 842 laxi
1839 767 2177 865 pulveris
2206 821 2233 858 ,
2322 768 2499 842 alibi

595 891 989 946 concretas
1009 922 1031 961 ,
1061 870 1304 944 immo
1338 867 1723 944 interdum
1751 866 2287 967 pulcherrimae
2326 893 2495 971 cry·

591 971 780 1048 stalli
839 995 936 1046 ex
979 969 1256 1046 eodem
1309 991 1578 1045 centro
1630 966 2007 1044 stellarum
2077 967 2315 1042 instar
2392 996 2497 1044 ra·

592 1071 831 1148 diant.
937 1071 1086 1146 Hae
1146 1073 1475 1146 materia:
1524 1069 1824 1169 semper
1894 1066 2213 1144 arsenici
2276 1069 2497 1144 vesti-

589 1177 718 1275 gia
761 1172 1134 1271 produnt,
1179 1167 1311 1245 sed
1369 1169 1789 1245 arsenicum
1840 1193 1985 1243 nec
2036 1170 2501 1272 regulinum,

587 1295 734 1346 nec
781 1272 1031 1346 album
1058 1324 1082 1363 ‚
1133 1270 1436 1346 cobalto
1470 1272 1781 1370 rubrum
1810 1269 2154 1344 colorem
2208 1273 2498 1370 imper-

585 1375 731 1448 tire
759 1370 1028 1473 potest,
1049 1373 1180 1472 qui
1206 1369 1437 1446 acidis
1473 1371 1579 1446 est
1620 1370 2181 1471 provocandus,
2239 1371 2495 1469 Quum

586 1473 821 1576 igitur
883 1472 1099 1548 color
1169 1470 1641 1572 praesentiam
1716 1471 1905 1545 acidi
1976 1471 2499 1566 demonstret,

587 1573 762 1649 heic
812 1571 1216 1649 arsenicale
1263 1596 1421 1648 non
1468 1571 1622 1648 fine
1674 1575 1967 1648 ratione
2025 1573 2498 1670 conjestavi.

587 1698 778 1752 mus,
883 1672 1336 1750 Arsenicum
1379 1672 1671 1758 album,
1714 1671 1923 1769 quod
1964 1673 2297 1772 ‘cobalti
2361 1678 2497 1749 mi-

585 1776 788 1852 neris
855 1770 1018 1850 fere
1088 1773 1385 1874 semper
1472 1773 1787 1848 inhaeret
1826 1827 1852 1862 ‚
1932 1775 2152 1847 {etate
2234 1773 2497 1850 forsan

583 1899 918 1974 eousque
963 1874 1360 1972 aliquando
1403 1871 1790 1975 phlogisto
1839 1873 2189 1972 privatur
2216 1927 2243 1966 ,
2294 1899 2377 1952 ut
2424 1901 2495 1948 a·

587 1976 842 2050 cidum
895 1975 1352 2050 denudatum
1402 1977 1799 2076 contiguas
1829 1973 2233 2050 cobaltinae
2280 1977 2495 2052 calcis

577 2075 974 2177 particulas
1023 2073 1339 2178 adgredi
1388 2096 1632 2175 queat.

733 2259 862 2334 Ur
921 2259 1085 2334 haec
1154 2253 1477 2358 suspicio
1544 2255 1663 2334 vel
1730 2254 2283 2350 destrueretur,
2372 2257 2491 2336 vel

575 2357 1064 2449 stabiliretur,
1115 2380 1197 2434 ut
1272 2357 1531 2452 decet,
1603 2363 2151 2461 experientiam
2220 2361 2493 2437 consu·

575 2458 914 2537 luimus.'
994 2460 1437 2551 Invenimus
1525 2462 1863 2537 exustam
1941 2462 2269 2554 cobalti,
2352 2486 2491 2563 per

574 2566 818 2639 artem
861 2561 1090 2661 ‘acido
1137 2558 1454 2636 arsenici
1511 2558 1789 2653 satiati,
1855 2568 2487 2640 convenientiam

573 2689 752 2739 cum
807 2660 1262 2738 naturalibus
1308 2659 1677 2763 crystallis
1728 2662 2137 2739 cobaltinis
2200 2665 2487 2757 rubri3‚

570 2786 1122 2865 praeterquam,
1175 2762 1384 2860 quod
1432 2763 1551 2837 hae
1610 2765 1992 2839 interdum
2066 2765 2303 2839 etiam
2378 2790 2489 2841 ar·

571 2867 833 2942 ienico
880 2862 1052 2938 albo
1105 2866 1635 2939 contaminatae
1702 2866 2206 2966 reperiantur.
2332 2866 2487 2943 Co·

568 2966 852 3040 baltum
931 2961 1427 3039 arsenicatum
1518 2988 1705 3061 aqua
1786 2990 1947 3042 non
2021 2962 2430 3067 suscipitur
2463 3028 2487 3065 ,

571 3063 710 3140 nisi
759 3063 1188 3140 abundante
1243 3067 1504 3155 acido,
1536 3065 1617 3141 &
1664 3066 1826 3141 hoec
1879 3067 2075 3142 forte
2122 3070 2331 3143 ratio
2360 3064 2483 3162 est,

567 3188 734 3262 quae
794 3165 1115 3261 impedit
1165 3162 1665 3241 secretionem
1721 3166 1951 3242 calcis
2004 3165 2487 3262 arsenicatae‚

568 3266 753 3338 dum
812 3261 1165 3350 solutioni
1207 3264 1606 3342 instillatur
1670 3267 1837 3342 c‘alx
1908 3263 2141 3343 salita.
2263 3269 2489 3346 Idem

566 3383 828 3441 tamen
877 3360 978 3435 est
1032 3365 1543 3465 experimenti
1600 3389 1959 3456 eventuS,
2034 3366 2193 3444 five
2280 3392 2487 3446 natu·

571 3490 701 3551 ra,
750 3460 902 3539 five
951 3483 1106 3538 arte
1149 3486 1491 3563 paratum
1554 3468 2031 3544 adhibuimus
2086 3470 2489 3547 cobaltum

566 3562 1080 3647 arsenicatum.
1185 3563 1310 3641 Ad
1347 3563 1635 3644 ‚ficcum
1684 3569 2137 3672 vaporando
2212 3572 2487 3675 prodit

571 3668 739 3745 calx
799 3662 1228 3742 arsenicata.
1273 3687 1290 3701 ·

2306 3846 2481 3923 Da·
