2760 4749
574 284 619 369 3
634 280 665 341 1
682 268 733 355 8
1129 250 1255 343 De
1316 253 1677 347 Mineris
1731 252 2001 347 Zince'.

668 560 677 571 ⁴
714 467 829 557 A)
864 466 1181 545 chuu
1226 478 1542 547 ocreatum
1563 522 1584 560 ,
1623 482 2056 563 concretum,
2103 464 2188 547 ἃ
2216 492 2314 548 eo
2353 488 2472 551 us·

560 592 709 673 que
766 570 1199 647 induratum
1228 624 1249 663 ‚
1302 590 1386 647 ut
1435 593 1592 648 non
1651 594 2064 671 numquam
2123 573 2216 647 ad
2285 574 2470 651 cha·

557 670 825 779 lybem
868 669 1263 765 scintillet,
1320 669 1782 773 quartsosam
1829 675 1914 751 in
1975 669 2300 751 fractura
2332 698 2468 781 ge-

556 778 660 853 rit
708 773 1087 877 speciem,
1137 772 1220 851 &
1270 774 1349 849 in
1399 771 1786 875 superficie
1840 774 2290 875 plerumque
2329 800 2466 853 no·

556 874 873 969 dosum,
931 874 1317 953 ramosum
1369 875 1490 952 vel
1536 878 1614 951 in
1661 874 1996 953 lamellas
2047 882 2257 953 varie
2285 902 2464 953 eon-

550 999 840 1056 tortum
896 976 1304 1059 invenitur.
1414 978 1724 1063 Vitrum
1783 978 2008 1055 Zinci
2078 976 2230 1056 hoc
2309 979 2469 1056 vul·

612 1104 663 1156 o
710 1077 957 1165 audit.
1014 1102 1246 1180 quum
1300 1076 1399 1160 D.
1466 1100 1624 1156 von
1702 1080 1966 1171 Swaa,
2018 1101 2060 1157 e
2121 1082 2468 1173 minima,

552 1103 733 1257 gum
771 1176 1552 1270 zincum·destillaret,
1601 1200 2002 1283 apparatus
2047 1182 2274 1275 rima,
2313 1208 2464 1259 rna-

551 1284 825 1360 teriam
880 1281 1093 1358 simul
1148 1300 1393 1359 ortam
1453 1281 1800 1375 videret,
1857 1308 2026 1383 quae
2053 1280 2244 1359 facie
2301 1305 2472 1359 rne-

548 1405 861 1461 tnoratae
916 1384 1242 1461 omnino
1292 1383 1830 1461 conveniebat.

706 1533 869 1617 Ova
919 1536 1077 1614 tubi
1133 1533 1732 1613 ferruminatorii
1781 1532 2110 1614 flammae
2160 1534 2464 1639 expofi·

548 1660 625 1715 ta
677 1642 1049 1730 varietas,
1095 1662 1195 1714 ex
1265 1638 1549 1738 Anglia
1621 1658 2064 1753 apportata,
2140 1638 2468 1741 periistit

546 1740 705 1819 fine
774 1738 1358 1841 liquefastione,
1437 1738 1566 1815 sed
1651 1740 1980 1831 fatiscit,
2055 1740 2258 1839 quali
2343 1765 2461 1817 re-

548 1841 867 1921 solvitur
920 1844 999 1915 in
1058 1840 1286 1917 flores
1329 1840 1414 1918 δι
1459 1840 1804 1917 colorem
1856 1837 2187 1941 adquirit
2263 1840 2462 1920 dilu-

544 1943 851 2020 tiorem.
960 1939 1187 2019 Odor
1240 1939 1442 2017 nulla
1499 1938 1760 2044 prodit
1804 1940 2178 2043 sulphuris
2232 1942 2464 2019 vesti-

546 2046 693 2147 gia.
802 2042 979 2121 Nec
1027 2064 1241 2135 ante,
1294 2065 1436 2118 nec
1487 2042 1654 2145 post
1689 2042 2267 2120 calcinationem
2305 2069 2464 2122 ma-

543 2165 774 2249 gnete
824 2142 1273 2221 sollicitatur.
1380 2145 1500 2221 Sal
1571 2140 2186 2242 microcosmicus
2249 2144 2462 2223 haud

542 2244 942 2323 difficulter
993 2244 1271 2338 solvit,
1318 2246 1583 2323 itidem
1643 2246 1944 2337 Borax,
1998 2244 2126 2324 sed
2195 2247 2464 2349 paullo

543 2349 851 2426 tardius,
920 2346 1172 2425 Alkali
1220 2371 1412 2425 vero
1458 2344 1823 2424 minerale
1874 2346 2007 2424 vix
2035 2347 2462 2450 quidquam

544 2450 871 2556 suscipit.
942 2452 1235 2552 ,Itaque
1288 2447 1582 2527 habitus
1641 2447 1845 2526 idem
1893 2473 1981 2528 ac
2029 2451 2338 2528 florum.

700 2606 1020 2688 ZthuM
1068 2603 1472 2698 vitriforme
1514 2599 1894 2692 artificiale
1941 2589 2281 2681 fimi'liter
2349 2600 2460 2683 fe·

542 2731 631 2786 re
682 2707 758 2784 se
812 2709 1051 2812 gerit,
1105 2727 1189 2782 ac
1228 2703 1592 2794 naturale,
1641 2727 1798 2779 non
1838 2724 2094 2783 tamen
2139 2703 2458 2801 fatiscit,

541 2830 1056 2913 praetereaque
1112 2806 1196 2883 &
1247 2807 1569 2901 tardiuS,
1617 2805 1698 2882 &
1739 2809 2042 2909 parcius
2071 2807 2458 2888 consvetis

544 2911 814 2991 salibus
872 2906 1211 2990 solvitur.

572 3079 577 3084 “
698 3063 813 3166 Β)
884 3061 1065 3140 Huc
1140 3062 1369 3141 etiam
1441 3057 1934 3139 referendum
2009 3057 2158 3152 est,
2239 3057 2456 3163 quod

538 3167 883 3246 mediante
926 3164 1125 3240 acido
1169 3160 1520 3238 vitriolieo
1570 3169 1816 3242 nativo
1881 3165 1960 3238 in
2022 3189 2204 3268 aqua
2253 3163 2456 3262 solu·-

430 3319 443 3328 ·
533 3264 673 3345 hle
716 3266 1120 3370 repetitur.
1242 3265 1714 3370 Miner-alogi
1793 3263 2104 3365 quidem
2178 3262 2460 3366 salibus

536 3367 935 3448 metallicis
982 3365 1147 3465 jure
1200 3366 1748 3459 adnumerant,
1807 3369 1978 3445 heic
2017 3389 2272 3442 tamen
2312 3369 2458 3442 mi·

536 3471 747 3550 nime
809 3467 1422 3570 praetereundum
1469 3467 1620 3561 est,
1661 3469 1788 3544 ubi
1842 3471 2222 3556 omnium,
2279 3489 2454 3568 quae

534 3575 839 3652 zincum
872 3569 1124 3672 paullo
1153 3569 1452 3647 uberius
1497 3573 1942 3668 continent,
1969 3570 2454 3650 mineralium

534 3674 829 3756 mentio
879 3671 981 3748 est
1036 3671 1462 3772 injicienda.
2306 3775 2380 3849 V

2385 3795 2446 3848 1-
