2760 4749
731 343 854 432 De
914 362 1134 430 terra
1199 343 1781 438 Gemmarum.
2078 317 2179 452 91

317 580 530 632 neam
582 553 726 632 esse
777 555 1140 634 fufionem
1177 615 1198 644 ‚
1255 559 1336 636 &
1388 559 1524 636 fini
1558 558 1947 661 proposito
1980 583 2234 658 aeque*

319 659 764 744 convenire,
814 657 869 734 fi
915 658 1131 734 alkali
1183 683 1268 735 ea
1327 661 1527 735 adest
1574 686 1665 736 co
1726 665 1832 753 ia,
1884 682 1965 735 ut
2030 683 2190 736 tan·

316 757 710 833 tummodo
764 759 1391 863 inceptajufione
1444 762 1651 837 coale
1684 785 1855 837 cere
1918 781 2193 860 queant

317 859 716 938 moleculae.
823 859 1032 934 Hinc
1077 881 1246 936 nata
1301 859 1405 936 est
1450 861 1897 954 methoduS,
1966 885 2193 960 quam

317 959 760 1058 corporibus
813 959 1296 1036 mineralibus
1351 961 1838 1062 explorandis
1915 985 2194 1037 conve-

319 1051 834 1134 nientiss'imam
889 1061 1176 1159 reperi,
1231 1085 1605 1162 quamque
1656 1063 1803 1163 jam
1872 1064 2195 1168 gemmis

317 1157 965 1236 adcommodatam
1019 1158 1466 1246 describam.

1119 1362 1188 1463 ς.
1249 1365 1349 1439 v,

316 1511 619 1602 Modus
645 1575 667 1618 ‚
730 1542 902 1628 quo
955 1511 1328 1601 facillime
1371 1519 1765 1630 principia
1824 1523 2198 1632 proxima

750 1655 1268 1742 gemmarum
1329 1653 1757 1714 eruuntur.

464 1789 570 1874 A)
629 1789 721 1864 IN
776 1789 1172 1890 pulverem
1229 1787 1679 1866 reducendae
1754 1788 1921 1869 sunt
1978 1788 2201 1867 subti-

318 1887 690 2066 liffimstlim,
771 1893 902 1992 qui
992 1893 1254 1966 tritura
1337 1891 1417 1968 &
1499 1891 1787 1972 lotione
1869 1893 2200 1970 obtineri
2308 1923 2313 1930 ·

319 2011 493 2096 pote
556 2054 575 2076 .
1681 2035 1687 2040 .

461 2141 555 2243 B)
613 2143 868 2233 Hujus
943 2121 1278 2244 pulveris
1343 2140 1937 2220 determinatum
2006 2171 2199 2245 pon-

321 2243 494 2333 duS‚
549 2268 707 2343 quo
770 2248 1048 2340 majus,
1095 2269 1190 2319 eo
1259 2245 1569 2335 melius,
1632 2244 2203 2320 commisceatur
2303 2315 2311 2318 ,

327 2368 486 2419 cum
547 2344 786 2445 duplo
841 2343 1067 2421 alkali
1125 2345 1503 2421 mineralis
1554 2341 1900 2445 deputati
1961 2345 2041 2421 &
2096 2343 2200 2423 fa·-

321 2443 656 2533 tiscentia
707 2445 1030 2547 collapfi.
1968 2482 1973 2487 ·

459 2598 564 2697 C)
642 2596 954 2675 Miscela
1024 2588 1314 2698 patellae
1375 2596 1823 2671 immittatur
1893 2590 2201 2688 ferreae,

323 2698 510 2795 cujus
559 2700 952 2777 excavatio
1006 2700 1245 2773 nitida
1300 2696 1382 2774 δι
1436 2695 1674 2797 polita
1726 2694 1877 2786 est,
1940 2719 2035 2772 ne
2092 2720 2205 2771 ra·

322 2822 567 2879 menta
617 2799 699 2879 &
759 2798 1342 2897 inaequalitateS,
1390 2822 1553 2895 quae
1606 2798 2100 2873 calcinatione
2161 2820 2203 2872 a

323 2900 698 2979 metallico
761 2898 975 2977 facile
1073 2897 1545 2999 separantur,
1626 2894 1871 2973 maisae
1946 2898 2201 2979 ,adcre-

299 2996 521 3079 *scant
576 2998 1074 3103 eamdemque
1118 3000 1537 3098 inquinent.
1974 3006 1985 3014 ‘

355 3156 372 3216 ἱ
462 3154 570 3253 D)
619 3152 960 3229 ΡΑτειιΑ
1016 3150 1425 3227 collocetur
1484 3152 1563 3226 in
1612 3150 1839 3226 furno
1898 3151 2199 3226 anemio

325 3250 534 3355 super
583 3250 884 3355 tegula,
940 3250 1072 3327 sub
1128 3252 1521 3327 crucibulo·
1580 3248 1923 3343 inverso,
1999 3249 2211 3390 <guod

373 3356 386 3370 ς
1914 3360 1921 3368 o

327 3378 614 3473 cineres
675 3355 756 3436 &
809 3353 1176 3433 carbones
1229 3374 1496 3462 arcet„

472 3508 578 3605 E)
629 3506 784 3582 PER
829 3526 983 3583 tres
1046 3504 1169 3581 vel
1235 3524 1549 3613 quatuor
1624 3504 1849 3581 horas
1902 3502 2205 3580 modice

331 3603 840 3686 excandescat.
965 3608 1046 3699 Si
1140 3608 1338 3706 ignis
1406 3603 1597 3703 justo
1658 3604 1763 3681 est
1805 3607 2209 3681 vehemen-

323 3709 473 3788 tior
503 3767 532 3827 Ι,
589 3704 814 3788 malfa
869 3706 1116 3789 fundo
1184 3704 1565 3793 adcrescit.
1686 3706 1935 3785 Flatus
2010 3702 2211 3881 solli?
