2760 4749
611 290 739 381 De
800 256 1339 407 Praecipitatis
1399 292 1862 391 Metallicis.
2076 326 2230 410 373

481 504 1188 603 Ε)“ΜΕτΑι,ιοιωΜ
1236 505 1460 590 calces
1509 531 1594 589 ea
1647 506 1950 607 quidem
2011 510 2235 611 phlo-

320 604 494 711 gisti
540 610 953 705 quantitate
1011 627 1315 699 carent,
1364 633 1530 711 quae
1579 610 1850 686 formae
1927 611 2238 689 metalli-

324 732 434 783 cae
492 709 893 810 cogmpletae
945 707 1048 807 est
1100 704 1558 803 necessaria,
1616 712 1924 791 interim
1979 734 2238 792 tamen

325 833 486 884 non
540 812 841 907 penitus
916 807 1251 911 spoliatae
1321 808 1838 911 reperiuntur.·
1949 812 2231 897 Earum

322 912 557 1012 igitur
615 907 977 993 solutione
1031 915 1165 987 vix
1250 909 1400 985 ulla
1469 913 1922 1029 generanqn·
2002 911 2233 987 fluida

320 1010 656 1103 elastica,
722 1010 857 1086 nifi
900 1014 1348 1089 continu-ato
1415 1010 1580 1112 post
1650 1010 2232 1088 exsiccationem

320 1112 527 1214 igne.
636 1112 1350 1213 Acidogravidatae
1393 1124 1613 1207 aereo
1665 1112 1847 1196 illud
1911 1121 2236 1188 morta-

319 1212 394 1287 le
449 1209 834 1303 eruebant,
883 1213 1099 1314 quale
1145 1236 1618 1313 acce-petunt.
1683 1214 2050 1291 Notabile
2088 1211 2235 1305 est,

320 1312 531 1411 quod
583 1312 687 1401 D.
742 1314 1154 1394 Pamisum·
1196 1312 1293 1389 de
1350 1316 1556 1395 calce
1650 1314 1886 1389 lum-bi
1942 1338 2232 1390 memo-

318 1433 438 1489 rat
473 1466 498 1504 ,
550 1438 722 1488 curn
774 1414 997 1489 acido
1054 1415 1490 1515 phosphori
1525 1426 1584 1491 a·
1615 1438 1778 1490 rem
1815 1416 2232 1491 inflamma-

316 1515 549 1591 bilem
613 1514 1043 1593 exhibente.
1148 1518 1280 1591 Ad
1337 1515 1612 1591 siccum
1648 1514 2103 1615 vaporando
2151 1540 2232 1591 o·

314 1638 418 1716 pe
471 1613 667 1691 acidi
759 1613 1065 1706 nitrofi,
1151 1626 1276 1693 aer
1379 1616 1624 1692 bo'nus
1726 1638 2234 1714 provocatur,

316 1718 596 1817 partim
634 1719 969 1790 materiae
1015 1716 1280 1791 caloris
1329 1714 2021 1817 decompofitione,
2062 1740 2232 1816 par-

320 1819 455 1892 tim
512 1814 776 1892 nitrofi
826 1814 1508 1917 phlogisticatione.
1619 1816 1946 1892 Scilicet·
1992 1818 2232 1893 calces

316 1917 711 1992 metallicae
762 1916 871 2019 (&
928 1915 1346 1993 numerosae
1409 1918 1569 1993 aliae
1618 1920 1950 1992 materiae
1990 1938 2235 1993 terre·

314 2016 569 2117 stre3‚)
650 2017 947 2097 aeidum
1004 2019 1183 2093 nitri
1254 2018 1643 2094 attrahunt
1703 2016 1784 2093 &
1855 2017 2232 2117 quodam-

314 2116 559 2193 modo
593 2116 881 2221 figunt,
926 2116 1119 2195 adeo
1164 2120 1464 2195 utillud
1517 2116 1910 2222 phlogisto
1960 2122 2230 2196 caloris

312 2217 765 2296 transeuntis
796 2222 1102 2296 onerari
1134 2243 1389 2319 queat,
1430 2218 1558 2303 sub
1596 2243 1740 2318 qua
1780 2223 2230 2319 operatione

314 2319 637 2396 alterum
694 2320 968 2398 caloris
1016 2320 1478 2422 principium
1540 2330 1667 2396 aer
1733 2318 1978 2395 bonus
2046 2320 2228 2396 libe»

312 2446 567 2515 ratur,
625 2420 1081 2520 tandemque
1112 2423 1337 2500 etiam
1380 2445 1424 2496 e
1473 2418 1762 2504 nitroso
1815 2422 1977 2496 talis
2013 2419 2234 2496 simul

314 2543 741 2630 generatur.
863 2524 1181 2622 Nitrum
1244 2545 1516 2622 purum
1571 2524 1750 2622 igne
1799 2539 2081 2596 tortum
2139 2547 2228 2596 o.
2275 2553 2285 2562 =

312 2625 555 2730 ptime
601 2624 806 2706 hunc
843 2611 1272 2726 processum
1316 2621 1644 2706 illustrat.
1717 2619 1898 2696 Hoc
1931 2645 2073 2721 per
2116 2622 2227 2697 se·

312 2725 699 2806 mihoram
742 2727 823 2800 in
861 2724 1109 2826 tigillo
1160 2724 1529 2824 ignitum,
1581 2719 1844 2798 addito
1895 2719 2062 2822 post
2114 2747 2228 2798 re·
2282 2799 2308 2821 f

310 2825 893 2928 frigerationern
948 2845 1203 2912 acere,
1256 2825 1378 2900 vel
1433 2823 1580 2898 alio
1635 2819 2008 2899 debiliore
2085 2826 2228 2898 aci-

312 2927 469 3018 do,
518 2951 704 3002 mox
748 2925 992 3006 odore
1048 2923 1341 3007 acidum
1375 2926 1575 3024 Qitri
1605 2921 2227 3024 phlogisticatum

235 3082 245 3099 .
308 3025 597 3128 prodit.
702 3025 934 3104 Unde
1024 3028 1300 3109 amens
1335 3009 1531 3099 sheic
1600 3023 2228 3126 phlogisticario,

314 3128 451 3208 nifi
529 3153 570 3203 a
661 3127 911 3206 calore
990 3121 1498 3207 transeunte?
1625 3125 1990 3208 Praeterea
2065 3127 2227 3205 diu·

312 3231 479 3310 tino
527 3231 705 3330 igne
760 3249 992 3305 omne
1047 3225 1450 3327 expellitur
1507 3225 1852 3318 acidum,
1902 3227 2061 3326 ejus
2105 3253 2226 3301 au-

253 3332 263 3336 *
312 3353 467 3405 tem
515 3327 933 3406 ‘admodum
982 3351 1211 3428 parce
1262 3329 1342 3402 in
1397 3328 1814 3428 recipiente
1868 3327 2226 3425 adaptato

312 3429 916 3532 coll-igitur2sed
972 3431 1287 3520 interea‚'
1332 3451 1484 3528 ope
1541 3447 1940 3528 apparatus
1986 3451 2227 3527 pneu-

312 3533 613 3624 matici,
676 3541 803 3607 aer
858 3527 1175 3606 diversae
1242 3529 1604 3605 bonitatis
1651 3526 1958 3628 copiose
2033 3527 2231 3605 obti·.

313 3653 563 3708 netur.
668 3631 965 3708 Nonne
1006 3631 1179 3706 heic
1222 3627 1638 3704 manifestis
1691 3629 1995 3702 indiciis
2069 3625 2224 3701 suc-

313 3731 603 3812 ceffivae
652 3731 846 3808 acidi
892 3731 1348 3906 mutatignes
1408 3723 1952 3810 innotescant?
2041 3826 2114 3903 A

1270 3853 1314 3906 a
1360 3852 1398 3927 3
2116 3847 2222 3904 4:1-
