2760 4749
654 367 812 453 344
1197 335 1320 423 De
1380 334 1733 421 Mineris
1788 300 2043 421 Zinci.

647 555 670 629 i
733 552 880 625 itur
957 546 1240 624 dudum
1315 546 1831 627 consumatum
1901 530 2087 623 inest
2148 546 2305 623 hoc
2384 548 2541 623 flui-

645 574 828 753 «ἦρι
881 649 1280 728 elasticum.

800 819 880 917 I)
929 818 1410 901 GENERATUR
1469 820 1713 917 itaque
1763 816 1895 892 sub
1942 815 2099 917 ipsa
2138 814 2539 891 solutione.

651 919 948 997 Scilicet
992 920 1290 996 aeidum
1341 918 1677 994 additum
1734 938 2184 1019 compagem
2268 916 2543 991 adore-

645 1020 935 1098 diendo
977 1046 1161 1097 mox
1210 1014 1537 1101 calorem
1573 1022 1871 1107 liberat,
1926 1016 2286 1114 fimulque
2326 982 2545 1117 ptfsso·

647 1120 943 1226 giston‚
995 1143 1149 1197 tam
1205 1122 1447 1211 zinci,
1508 1146 1728 1219 quam
1784 1116 1983 1201 ferri.
2088 1116 2423 1194 Nullum
2480 1141 2545 1191 e·

649 1227 813 1299 nim
886 1222 1118 1297 acidis
1192 1217 1584 1321 suscipitur
1638 1222 2071 1305 metallum;
2144 1216 2279 1298 nifi
2334 1220 2545 1318 prius

649 1343 797 1423 qua
849 1343 1137 1423 partem
1200 1320 1885 1427 dephlogisticetur.
1989 1321 2327 1405 Primum
2406 1320 2543 1420 igi·

649 1445 815 1517 tur,
862 1423 1068 1521 quod
1124 1422 1341 1497 acido
1420 1425 1851 1499 memoratis
1908 1420 2218 1501 metallis
2274 1417 2545 1497 adfuso

650 1521 1012 1615 efficitur,
1075 1522 1176 1597 est
1244 1520 1627 1622 separatio·
1688 1525 2058 1622 portionis
2132 1520 2547 1622 phlogisti,

651 1624 1007 1702 solutioni
1072 1622 1504 1714 resistentis,
1576 1648 1717 1727 qua
1779 1628 2207 1731 privatione
2276 1646 2547 1732 opera·

649 1728 846 1803 tioni
899 1724 1090 1801 fiunt
1135 1726 1435 1803 idonea.

803 1894 994 1973 Hffic
1036 1896 1209 1972 bina
1256 1898 1676 1999 principia,
1714 1897 1919 1974 calor
1968 1894 2048 1973 &
2073 1891 2547 1999 phlogiston,

652 1994 892 2095 laxata
925 2053 944 2081 ‚
1001 1996 1310 2097 sulphur
1357 1999 1671 2075 obvium
1724 2001 2129 2098 arripiunt,
2185 2020 2350 2073 cum
2408 1994 2545 2071 ino

651 2097 1116 2175 connubium
1170 2100 1431 2174 ineunt
1476 2100 1557 2175 δε
1591 2099 1905 2175 fluidum
1942 2098 2547 2174 elasticum‘con-

650 2194 980 2273 stituunt.
1089 2198 1342 2297 Qum
1383 2222 1623 2277 autem
1670 2199 1965 2279 acidum
2010 2200 2189 2275 nitri
2248 2196 2545 2293 majore

653 2296 1009 2376 aviditate
1067 2300 1393 2376 attrahat
1445 2303 1911 2398 retineatque
1952 2322 2183 2376 omne
2235 2297 2427 2402 phlo
2490 2298 2545 2371 i·

650 2397 855 2492 stou,
909 2422 1078 2475 cum
1140 2399 1268 2475 illo
1347 2399 1655 2502 insignis
1718 2401 2023 2498 quidem
2085 2400 2345 2502 aestuS,
2448 2399 2546 2474 ed

651 2501 898 2581 nullus
950 2499 1264 2601 prodire
1321 2500 1568 2602 potest
1598 2511 1740 2606 'a‘e'r
1802 2501 2227 2601 hepaticus,
2283 2500 2549 2580 deficit

545 2647 558 2656 ι
653 2603 858 2676 enim
911 2604 1366 2701 principium
1398 2659 1418 2688 ‚
1465 2601 1638 2696 bina
1676 2603 1957 2700 reliqua
1994 2625 2547 2685 connexutum.

651 2702 982 2777 Acidum
1017 2702 1301 2779 vitrioli
1331 2701 1647 2778 debilius
1679 2703 1982 2799 quidem
2022 2706 2301 2803 appetit
2336 2703 2549 2808 prin·

651 2801 938 2898 cipium
987 2801 1525 2878 inflammahile
1562 2860 1584 2892 ,
1625 2827 1844 2900 quam
1921 2802 2333 2900 nitrosum,
2384 2827 2550 2882 non

650 2919 903 2980 tamen
950 2906 1180 2998 omne
1249 2903 1469 3006 quod
1519 2903 1841 2996 relaxat,
1892 2903 2243 3008 hepatico
2319 2927 2551 3006 gene·

649 2996 898 3075 tando
957 3002 1345 3096 concedit,
1404 3003 1724 3103 ideoque
1804 3027 1960 3086 non
2030 3003 2165 3082 nifi
2242 3004 2551 3084 modica

651 3099 913 3198 portio
1007 3105 1535 3204 componitur,
1610 3101 1803 3180 adeo
1870 3129 2043 3182 nem
2106 3129 2147 3182 e
2226 3109 2553 3208 exigua,

650 3215 736 3270 ut
760 3199 1163 3314 quidquam
1194 3203 1462 3280 caloris
1510 3203 1853 3320 superfit,
1888 3131 2103 3309 quog
2129 3205 2341 3322 pullo
2378 3231 2553 3284 coa·
2610 3299 2619 3310 ι
2683 3205 2696 3214 ’

651 3293 854 3374 stum
899 3300 1209 3374 vinculo
1251 3323 1507 3382 manet
1562 3305 1929 3390 liberum·
2012 3305 2343 3389 Acutum
2410 3331 2551 3384 ve·

591 3472 596 3484 ,
649 3421 744 3474 ro
799 3400 1270 3478 muriaticum
1317 3401 1831 3484 inflammabili
1875 3427 2017 3512 per
2058 3405 2264 3484 suam
2336 3429 2551 3488 natu·

649 3521 816 3574 ram
865 3497 1246 3592 dotatum,
1296 3507 1791 3620 peregrinum
1857 3531 2014 3586 non
2071 3508 2407 3609 appetit,
2468 3534 2549 3586 a·

651 3598 948 3700 deoque
989 3621 1127 3689 eo,
1174 3601 1378 3700 quod
1432 3625 1586 3702 ejus
1636 3629 1784 3708 ope
1816 3632 1859 3684 a
1906 3609 2219 3686 metallis
2249 3606 2549 3710 sepem·-

650 3720 804 3804 rugt,
853 3719 1124 3780 torum‘
1160 3701 1427 3791 caloris
1477 3728 1717 3815 penus
1763 3706 2121 3793 facillime
2168 3709 2417 3814 potest
2450 3711 2549 3790 li·

2416 3833 2545 3923 8⁸·
