2760 4749
597 313 768 401 404
823 286 947 375 De
981 287 1493 375 minerarum
1536 284 1989 396 Docimasiae
2024 284 2393 379 humida.

595 502 878 593 mixta,
903 527 1068 603 quae
1103 500 1389 607 singula
1412 556 1438 597 ,
1481 500 1534 579 fi
1568 496 1880 577 humida
1932 501 2075 579 rite
2116 502 2515 610 segregari

597 602 896 711 poss‘ent
931 654 954 697 ,
1007 626 1240 704 caque
1292 628 1439 705 qua
1505 604 1939 705 qualitatem
1994 600 2075 681 &
2133 610 2513 705 quantita·

601 730 756 784 tem
818 705 1358 797 determinari,
1406 730 1564 782 non
1611 724 1905 781 tantum
1952 703 2269 781 multum
2319 708 2513 785 lucis

599 808 1135 911 Mineralogiae
1188 803 1269 884 &
1315 806 1820 884 Metalluroiae
1904 804 2290 901 adfusum,
2374 808 2511 885 sed

601 932 785 986 vera
824 908 1093 985 harum
1141 906 1621 985 scientiarum
1668 872 2161 983 fundamenta
2196 905 2511 987 stratum‘

601 1014 742 1103 iri,
800 1012 1048 1109 quivis
1099 1011 1180 1085 in
1243 1009 1391 1085 illis
1454 1032 1614 1085 non
1688 1005 1995 1111 prorsus
2050 1012 2509 1112 peregrinus

597 1106 816 1191 facile
870 1108 1252 1212 perspicit.
1357 1108 1761 1211 Saepissime
1815 1131 1869 1189 e,
1918 1130 2004 1186 re
2052 1108 2155 1186 est
2206 1136 2511 1215 cogno-

599 1212 855 1303 scere,
901 1235 1060 1287 non
1135 1226 1428 1287 tantum
1509 1211 2018 1313 heterogenea
2080 1212 2511 1308 metallica,

599 1336 765 1415 quae
819 1308 1200 1388 interdum
1261 1314 1450 1406 tria,
1506 1332 1827 1411 quatuor
1880 1311 2003 1388 vel
2074 1313 2289 1409 plura
2379 1338 2509 1391 re-

535 1452 548 1467 ·
657 1414 864 1491 ulum
949 1409 1348 1490 excoE’tum
1421 1418 1946 1489 contaminant
1981 1468 2007 1508 ,
2070 1415 2198 1491 sed
2272 1417 2507 1493 etiam

600 1439 804 1595 {aad
853 1536 1030 1593 raro
1103 1514 1477 1591 occultam
1554 1518 1946 1599 matricem
2020 1512 2451 1592 terrestrem
2480 1574 2509 1611 ‚

603 1614 968 1697 humitenus
1055 1638 1248 1693 vero
1305 1636 1649 1693 neutrum
1712 1619 1838 1693 via
1911 1614 2095 1693 ficca
2160 1614 2509 1717 perfeste

603 1718 936 1795 obtineri
983 1719 1268 1819 potuit,
1317 1715 1455 1793 nifi
1492 1720 1573 1793 in
1610 1716 1887 1805 cafibus
1939 1721 2356 1822 perpaucis.
2408 1720 2507 1797 ln

601 1818 840 1897 maists
895 1840 1172 1920 nempe
1223 1816 1393 1895 fufis
1442 1842 1583 1921 per
1612 1818 1685 1895 se
1726 1841 1929 1921 patet
1983 1824 2326 1898 immixta
2376 1846 2509 1897 au-

603 1916 919 1995 ferenda
968 1942 1060 1995 eo
1113 1919 1380 1995 melius
1432 1922 1779 2022 genuinis
1832 1942 2055 2021 prote
2116 1924 2185 2013 i,
2238 1923 2505 2021 quoil-

598 2020 670 2095 la
727 2021 967 2119 magis
1019 2018 1819 2121 diminuuntur-,quod
1861 2025 1941 2096 in
1979 1946 2503 2117 segutionibus,

657 2144 746 2197 ro
801 2118 1040 2221 lubitu
1089 2119 1518 2213 diluendis,
1572 2122 1847 2199 locum·
1882 2124 2161 2200 habere
2214 2128 2504 2225 nequit.

599 2146 852 2301 §uteri
905 2221 1212 2321 quidem
1285 2244 1595 2324 oportet
1667 2227 2083 2299 tentamina
2146 2230 2289 2301 viae
2364 2228 2506 2301 hu·-

601 2321 828 2400 midae
879 2322 1232 2425 longiore
1287 2349 1444 2400 non
1501 2350 1676 2402 raro
1724 2350 1945 2402 mora
2000 2350 2270 2429 egere,
2338 2352 2505 2404 ma-

599 2419 896 2526 jorique
953 2427 1122 2499 c'ura
1177 2425 1257 2502 δι
1310 2425 1689 2516 molestia,
1744 2427 1872 2502 sed
1910 2481 1933 2521 ,
1976 2428 2027 2503 fi
2082 2430 2503 2506 adcuratio-

599 2551 722 2603 res
771 2523 1242 2626 suppeditant
1293 2530 1845 2620 coneluliones‚
1891 2531 2275 2633 pigritiam
2312 2556 2500 2607 con-

598 2627 840 2704 iulet-e
903 2629 1213 2703 minime
1279 2627 1518 2704 decet.
1638 2629 2001 2704 Praeterea
2075 2636 2191 2707 in·
2244 2633 2503 2710 multis

597 2728 878 2804 casibus
931 2732 1154 2804 etiam
1209 2727 1417 2806 ficcis
1470 2731 1637 2805 sunt
1684 2731 2205 2830 expeditiora,
2266 2733 2500 2834 idque

597 2829 758 2904 fere
804 2829 1138 2928 semper,
1171 2829 1222 2904 fi
1272 2832 1356 2906 iis
1403 2831 1883 2929 adquiescere
1935 2835 2293 2926 velimuS,
2328 2862 2501 2934 quac

598 2928 1036 3030 vulgaribus
1082 2929 1697 3009 calcinationibus
1758 2933 1837 3008 δι
1906 2933 2313 3011 fusionibus
2375 2963 2501 3013 co-

599 3026 870 3132 gnosci
921 3031 1244 3130 poss'unt.
1351 3035 1601 3110 Immo
1667 3032 2047 3110 interdum
2099 3033 2297 3112 suam
2355 3038 2499 3113 im-

589 3132 1018 3228 potentiam
1081 3132 1495 3214 aanoscere
1548 3136 1847 3238 cogitur
1900 3138 2021 3212 via
2074 3137 2306 3232 ficca,
2360 3137 2499 3215 ubi

597 3251 1041 3306 contentum
1095 3236 1555 3312 metallicum
1610 3237 1707 3311 est
1782 3239 1999 3315 valde
2074 3245 2437 3343 exiguum
2474 3298 2502 3337 ,

595 3331 723 3448 vel
797 3335 1140 3426 volatile,
1233 3335 1658 3434 praesertim
1730 3340 2265 3418 inflammabile
2296 3399 2324 3441 ‚
2406 3363 2497 3426 uJ:

595 3455 920 3512 zmeum.
1544 3491 1548 3498 ·

748 3587 838 3661 IN
899 3585 1375 3686 sequentibus
1428 3593 1703 3692 ubique
1761 3599 2228 3672 centenarium
2299 3595 2499 3676 doci-

591 3687 938 3784 masticum
965 3694 1495 3802 tentaminibus
1526 3693 2068 3796 subjiciendum
2104 3699 2497 3803 ponimus,

1157 3847 1164 3852 .
2349 3800 2495 3878 nifi
