2760 4749
539 297 652 426 76
992 301 1118 388 De
1159 319 1385 389 terra
1430 303 1999 394 Gemmarum.

663 517 900 594 Inruit
923 515 1419 596 recentiffima
1450 514 1847 618 systemata
1886 520 2165 596 mirum
2200 541 2429 618 quan·

535 639 698 696 tum
737 620 1023 696 eminet
1074 619 1305 710 illud,
1410 619 1563 695 uod
1608 619 1907 696 illustris
1962 621 2431 698 Canus-reor

535 745 625 798 ea
676 719 1074 822 proposuit
1139 719 1367 796 mode
1434 722 1547 807 ia,
1616 741 1697 795 ut
1766 720 1976 797 suum
2040 723 2431 798 reticuerit

533 846 844 902 nomeu.
947 823 1038 896 In
1085 821 1220 897 illo
1255 819 1675 897 secundum
1715 823 2095 924 principia
2165 824 2433 897 omnia

513 919 708 1000 ‘funt
759 920 1122 1022 dispofita.
1226 923 1304 998 Si
1353 945 1517 998 non
1585 947 1995 1022 numquam
2066 921 2434 1023 fimplicia

533 1021 992 1113 crediderit,
1033 1049 1201 1121 quae
1232 1045 1314 1098 re
1363 1044 1547 1099 vera
1591 1020 1756 1100 sunt
1802 1021 2247 1126 compofita,
2276 1024 2433 1099 hoc

529 1123 647 1203 illi
701 1148 861 1200 non
907 1125 1100 1200 vitio
1153 1122 1256 1200 est
1308 1122 1763 1200 vertendum
1798 1178 1819 1214 ‚
1889 1150 2123 1224 quum
2178 1124 2443 1224 potius

531 1227 1240 1326 experimentorum
1279 1220 1603 1302 defectui
1632 1223 1957 1301 adscribi
1990 1223 2315 1301 debeant
2346 1225 2435 1298 hi

530 1348 878 1418 erroreS,
942 1350 1168 1424 quam
1241 1323 1581 1424 ejusdem
1658 1326 2100 1427 propofitoz
2146 1325 2205 1402 fi
2266 1348 2437 1400 non

531 1429 813 1527 ubique
865 1448 1128 1502 veram
1182 1428 1479 1502 invenit
1515 1423 1900 1522 semitam,
1951 1427 2297 1502 eamdem
2335 1444 2455 1510 ta·¹

531 1551 714 1606 men
763 1527 1126 1605 candidus
1201 1525 1539 1627 quaefivit
1598 1527 1679 1604 δι
1746 1524 2089 1604 distincte
2145 1524 2435 1604 indica-

529 1632 672 1706 vit.
721 1629 900 1728 Ejus
952 1625 1282 1704 insistens
1335 1627 1668 1731 vestigiis
1704 1651 1847 1728 per
1883 1629 2133 1730 plures
2184 1651 2437 1706 annos

528 1731 615 1807 in
662 1727 946 1830 analyfi
992 1731 1220 1831 regni
1273 1730 1653 1804 minet-alis
1704 1729 2109 1818 desudavi,
2159 1726 2435 1804 funda·

527 1852 789 1910 menta
828 1828 1290 1932 investigans
1340 1828 1758 1929 systematis
1812 1829 2199 1920 naturalia,
2270 1849 2437 1908 tam

529 1929 1044 2029 Philosophiae
1095 1931 1449 2005 naturalis
1502 1928 2033 2019 dilucidandae‚
2078 1952 2305 2028 quam
2346 1953 2433 2002 u·

530 2030 822 2106 tilitatis
873 2029 1194 2129 publicae
1239 2029 1321 2106 δι
1348 2031 1664 2132 privatae
1703 2031 2237 2132 adquirendae,
2269 2054 2435 2131 prae

535 2131 697 2207 aliis
747 2129 1037 2206 idonei.
2082 2217 2093 2226 ,

564 2231 572 2238 ’
683 2230 1265 2308 (ΞοΝοωειοΝΕς
1336 2253 1379 2308 e
1433 2234 1620 2308 meis
1696 2232 2232 2310 tentaminibus
2304 2229 2432 2306 de-

532 2331 792 2410 dustas
842 2331 1102 2435 paffim
1151 2335 1234 2408 in
1279 2334 1508 2408 variis
1560 2333 1935 2435 opusculis
1974 2334 2433 2429 memoravi,

531 2435 703 2512 heic
739 2437 822 2510 in
879 2434 1129 2535 specie
1179 2433 1275 2510 de
1328 2435 1682 2511 Gemmis
1717 2430 1877 2512 ffim
1918 2434 2235 2525 asturus,
2266 2435 2432 2532 qui-

529 2537 671 2612 bus
725 2536 1147 2636 generatim
1208 2534 1349 2610 illae
1414 2557 1702 2611 tantum
1762 2536 2247 2611 adnumerari
2315 2531 2430 2609 so·

529 2637 693 2712 lent
745 2634 1121 2736 crystalli,
1151 2660 1316 2734 quae
1369 2656 1789 2737 montanas·
1822 2636 2094 2713 duritie
2138 2635 2435 2712 notabi-

530 2738 707 2814 liter
741 2735 1111 2836 superant.
1412 2738 1419 2743 ’

1422 2950 1438 2967 .
1492 2887 1590 2963 ΙΙ.

533 2988 889 3076 Habitus
943 2886 1467 3103 gemmarugn
1486 3050 1511 3091 ,
1594 2992 1798 3078 tubo
1862 2986 2433 3109 ferruminato-

1069 3104 1196 3187 rio
1253 3101 1887 3216 exploratarum.

693 3256 956 3361 Tyrus
984 3318 1008 3359 ,
1056 3289 1210 3363 quo
1253 3266 1758 3343 ferruminant
1804 3267 2200 3361 aurifabri,
2244 3294 2435 3369 pau-

534 3362 778 3466 cique*
817 3367 964 3460 alii·
1017 3388 1323 3443 utuntur
1396 3370 1769 3461 artifices,
1860 3368 2434 3473 mineralogicis

406 3547 419 3556 ,
533 3468 933 3569 adaptatur
1019 3466 1673 3565 explorationibus
1721 3526 1745 3561 ‚
1832 3494 2115 3571 magna
2189 3466 2432 3549 semet

534 3564 1021 3645 commendat
1069 3566 1150 3645 &
1207 3570 1524 3648 utilitate
1582 3569 1664 3646 δι
1718 3569 2308 3667 commoditate,
2352 3598 2435 3649 u-

531 3672 595 3748 ti
649 3673 731 3749 in
781 3670 1001 3747 brevi
1047 3666 1146 3747 de
1193 3668 1343 3748 hoc
1396 3668 1896 3765 instrumento
1956 3694 2432 3751 commenta-

2286 3795 2435 3852 tlo-
