2760 4749
579 308 744 407 496
967 294 1090 383 De
1149 294 1380 385 Tubo
1420 294 2133 411 firruminatoriO.

732 508 1134 587 Gronutus
1192 534 1235 586 e
1293 536 1533 613 cupro
1578 508 1959 590 virescens
2008 514 2084 589 in
2136 512 2483 591 cochlea-

577 610 642 683 ri
705 636 876 687 cum
925 610 1232 687 frustulo
1287 610 1524 687 stanni
1572 612 1773 689 fusus
1826 636 2057 712 usque
2105 613 2287 690 dum
2352 640 2485 690 co·

573 709 820 788 lorem
877 732 1140 805 exuat,
1201 713 1493 815 praebet
1570 712 1811 791 stanni
1872 714 2322 815 sphaerulam
2378 740 2483 791 ex

573 810 930 889 immixto
979 838 1215 913 cupro
1269 814 1350 891 δε
1397 812 1811 890 admodum
1876 816 2137 893 duram
2196 816 2275 893 δε
2329 815 2481 890 fra·

573 914 826 1013 gilem.
931 914 1477 1017 Praecipitatum
1528 916 1693 991 heic
1732 935 1965 999 totam
2008 914 2318 991 massam
2364 916 2483 992 fu-

568 1016 724 1091 sam
773 1035 1149 1115 permeat,
1199 1039 1359 1091 non
1410 1016 1640 1093 haeret
1702 1018 1784 1091 in
1832 1014 2251 1118 superficie.

716 1166 1137 1241 Comum
1231 1168 1449 1268 cupri
1520 1168 1799 1243 calcem
1872 1166 2081 1246 fluxu
2150 1164 2475 1247 solutam

565 1268 646 1341 in
715 1266 1095 1342 cochleari
1165 1269 1587 1369 praecipitat
1660 1268 2317 1359 metalliformem,
2390 1268 2479 1345 &

565 1366 774 1445 suum
827 1368 1034 1443 vitro
1083 1368 1423 1469 impertit
1478 1367 1853 1459 colorem,
1905 1368 2111 1467 quod
2160 1370 2474 1445 niccolo

621 1464 894 1543 raestari
957 1469 1236 1566 nequit.
1339 1468 1667 1543 Zincum
1708 1468 1966 1544 itidem
2015 1472 2473 1570 praecipitat,

563 1494 864 1644 Feorfim
917 1568 997 1645 &
1031 1593 1206 1645 raro
1243 1572 1320 1644 in
1375 1572 1687 1671 propria
1734 1568 2173 1671 superficie,
2226 1596 2469 1671 quum

565 1668 752 1745 fufio
811 1666 1147 1767 ejusdem
1201 1672 1475 1747 evitari
1516 1691 1859 1769 nequeat.

1222 1820 1803 1917 Mineralesatum.

718 1972 1044 2050 Comum
1118 1972 1314 2047 acido
1386 1972 1863 2075 gravidatum
1937 1981 2129 2045 atreo
2206 1970 2467 2072 primo

561 2074 886 2150 flammae
941 2071 1211 2148 attastu
1260 2071 1661 2177 nigrescit,
1715 2076 1795 2148 in
1842 2074 2223 2148 cochleari
2293 2072 2467 2149 fun-

561 2174 814 2271 ditur,
871 2178 950 2249 in
997 2174 1325 2249 carbone
1379 2197 1627 2249 autem
1677 2171 2055 2250 reducitur
2112 2197 2290 2272 pars
2348 2176 2467 2249 in-

559 2275 836 2367 ferior,
877 2300 1043 2374 quae
1091 2272 1658 2351 sustentaculum
1714 2274 2361 2380 ignitum·tangit.

717 2430 1104 2504 UBERIORE
1185 2424 1473 2505 foetum
1559 2426 1756 2500 acido
1826 2429 2196 2502 muriatico
2245 2426 2463 2502 flam-

557 2554 762 2606 mam
816 2532 1046 2632 tingit
1099 2529 1209 2630 (§.
1287 2531 1557 2626 XIV),
1620 2525 1753 2602 sed
1816 2552 2045 2628 parca
2114 2527 2461 2604 dotatum

559 2629 714 2706 hoc
769 2633 1006 2708 modo
1063 2629 1264 2705 nulla
1316 2628 1425 2706 sui
1473 2629 1680 2729 signa
1751 2629 2081 2704 exhibet.
2198 2629 2322 2703 Sic
2378 2653 2460 2704 e·

555 2734 843 2836 gregiae
897 2728 1224 2832 crystalli
1287 2731 1683 2820 Saxoniae,
1763 2728 2043 2804 cubicae
2118 2728 2198 2804 &
2268 2728 2457 2804 satu·

553 2855 709 2910 rate
768 2833 1051 2908 virides
1091 2831 1478 2908 flammam
1505 2855 1661 2906 non
1714 2829 2097 2923 inficiunt,
2145 2828 2278 2904 sali
2312 2833 2463 2906 mi-

553 2931 1025 3012 crocosmico
1079 2935 1544 3008 viriditatem
1612 2933 2059 3033 impertiunt
2132 2929 2482 3031 perluciffi

552 3033 730 3119 dam
758 3091 779 3124 ,
835 3057 1152 3134 opacam
1185 3057 1374 3109 vero
1406 3031 1853 3109 rubedinem
1886 3035 2261 3134 attingere
2296 3056 2457 3107 non

547 3136 808 3232 potui,
880 3134 1006 3210 etsi
1076 3133 1237 3210 haec
1295 3136 1376 3211 in
1446 3131 1757 3238 globulo
1822 3132 2186 3208 boracino
2255 3131 2455 3209 haud

549 3231 950 3311 difficulter
995 3232 1262 3310 iisdem
1322 3254 1809 3338 provocetur.
2158 3242 2165 3257 “

702 3376 1026 3451 Comum
1074 3373 1513 3476 simpliciter
1574 3369 2046 3474 sulphuratum
2113 3377 2455 3476 (Minera

550 3481 762 3580 c‘upri
809 3477 1136 3574 cinerea)
1187 3477 1728 3576 rite·lenteque
1789 3477 2171 3552 exteriore
2238 3477 2477 3553 flam--

548 3607 674 3657 ma
751 3575 1184 3670 ustulatum,
1265 3577 1569 3655 tandem
1628 3574 2019 3652 fundendo
2096 3578 2455 3680 regulum

546 3681 918 3786 porrigit,
975 3679 1416 3780 plerumque
1493 3677 1732 3754 crusta
1811 3675 2247 3780 sulphurata
2300 3682 2453 3754 cir-

2242 3803 2450 3856 cum·
