2760 4749
684 261 829 352 De.
864 261 1219 353 Mineris
1264 261 1520 376 firri'
1543 255 1775 352 albii.
2039 287 2198 374 223

470 474 839 552 Ceratum
868 533 889 567 ‚
938 474 1285 576 quamvis
1352 474 1689 576 pluribus
1753 471 2205 574 diverfisque

308 578 568 654 modis
620 593 905 654 tortum
946 577 1169 653 fuerit
1212 577 1736 678 Magnefium‚
1769 601 1908 652 nec
1959 577 2206 652 infer·-

308 705 535 770 rum‚
595 701 736 754 nec
785 680 865 752 in
920 681 1260 768 zincum,
1342 701 1482 754 nec
1539 681 1618 754 in
1686 677 1880 756 aliud
1941 699 2208 752 notum

309 779 704 854 metallum
753 781 1028 853 mutari
1080 777 1370 878 potuit,
1426 775 1998 879 pertinaciffime
2051 777 2211 852 suas

310 883 825 982 proprietates
879 876 1203 960 servans,
1311 878 1570 978 Itaque
1599 903 1828 978 usque
1875 877 2056 952 dum
2092 900 2215 974 ex·

312 985 745 1084 perimenta
798 979 997 1054 haud
1061 978 1410 1080 ambigua
1465 980 1646 1057 illud
1714 979 1803 1055 ab
1857 979 2014 1056 aliis
2060 1000 2214 1053 me-

312 1083 511 1158 tallis
564 1081 1067 1157 derivandum
1118 1081 1528 1174 evicerint,
1581 1079 2010 1156 distinctum
2081 1105 2214 1181 pu-

310 1205 519 1259 tetur
570 1201 916 1282 oportet,
964 1177 1099 1258 nifi
1152 1178 1533 1258 fallacibus
1595 1179 2046 1280 conje&uris
2103 1182 2217 1254 ni-

316 1288 561 1360 mium
615 1281 1477 1385 indulgend0„omnem
1531 1280 2033 1384 Philosophiae
2089 1305 2215 1358 na-

316 1386 574 1460 turalis
623 1382 1152 1486 certitudinem
1221 1382 1600 1460 suffossam
1649 1383 1988 1464 velimus,
2095 1383 2220 1459 In·
2311 1461 2320 1480 Ι

314 1489 896 1586 quinamentum
936 1485 1269 1560 martiale
1307 1512 1368 1560 ae
1429 1488 1703 1561 ert-ime
1753 1485 2052 1584 penitus
2077 1483 2220 1560 tol-

314 1585 674 1679 lendum,
742 1609 903 1660 non
966 1583 1103 1658 nifi
1177 1583 1653 1662 arE’cillmum
1731 1588 1978 1661 innuit
2040 1609 2226 1660 con-

316 1687 659 1767 nubium.
769 1685 1103 1787 Regulus
1162 1709 1204 1762 e
1261 1686 1637 1788 magnesia
1685 1688 1904 1786 nigra
1976 1683 2222 1760 sueca·

318 1813 421 1864 na
494 1789 857 1887 eliquatus
909 1786 991 1864 δε
1038 1785 1215 1861 dein
1264 1784 1418 1862 fine
1461 1786 1632 1862 ullo
1705 1787 2225 1863 additamento

318 1891 405 1965 in
488 1889 878 1964 crucibulo
948 1884 1292 1964 Haffiaco
1371 1888 1816 1966 vehementi
1879 1891 2040 1994 igni
2085 1911 2226 1990 per

319 1991 540 2068 horae
583 1989 1076 2087 quadrantem
1133 1987 1510 2090 expofitus
1561 1989 1928 2092 ponderis
1955 1999 2110 2088 1³0³&
2150 2014 2226 2064 a-

316 2091 565 2181 misit,
620 2115 784 2189 quae
840 2091 918 2164 in
972 2088 1289 2165 scoriam
1340 2114 1382 2166 e
1433 2089 1645 2167 fusco
1699 2091 1983 2166 fulvam
2033 2092 2228 2166 abie-

320 2215 515 2276 rant.
620 2189 951 2295 Regulus
996 2215 1155 2268 non
1206 2191 1389 2267 dum
1450 2195 1785 2298 magneti
1832 2192 2224 2290 obtempe-

318 2295 563 2387 rabat,
604 2293 683 2368 &
730 2316 826 2368 ex
872 2290 1135 2387 scoria,
1190 2292 1454 2368 addito
1501 2292 1853 2368 saccharo
1886 2346 1907 2385 ,
1953 2301 2226 2393 puram

322 2397 542 2472 acida
594 2393 1091 2471 extrahebant
1136 2392 1508 2495 Magnefii
1573 2395 1856 2469 calcem
1886 2451 1909 2482 ,
1987 2392 2227 2468 saltim

322 2497 547 2573 alkali
652 2493 1126 2599 hlogisticato
1182 2496 1383 2570 nulla
1430 2496 1725 2569 caerulei
1787 2492 2227 2581 Berolinen·

322 2598 416 2676 fis
466 2524 778 2699 vesggia
829 2594 1087 2699 detegi
1129 2616 1554 2698 potuerunt.
1675 2593 2038 2671 Refiduus
2107 2614 2232 2668 re-

322 2699 545 2803 gulus
600 2708 695 2790 67
749 2696 1112 2773 librarum
1185 2698 1631 2797 operatione
1694 2698 2010 2798 repetita
2068 2718 2232 2770 non

324 2799 467 2876 nifi
518 2823 607 2894 25
672 2797 880 2875 libris
935 2797 1281 2899 pondere
1330 2796 1826 2897 aequivalebat
1889 2796 2232 2900 magneti

325 2896 817 3001 obsequiosus
846 2956 869 2991 ‚
914 2901 995 2976 δε
1024 2898 1263 2976 scoria
1309 2903 1388 2974 ni
1450 2896 1742 2975 rescens
1793 2896 2001 2973 ferro
2029 2896 2232 2998 paul-

326 3005 487 3078 lum
545 3002 1055 3077 contaminata
1108 3002 1403 3102 reperie
1463 3021 1640 3079 atur.
1745 3000 1901 3073 Hic
1979 3019 2230 3073 autem

326 3102 635 3209 regulus
686 3104 993 3178 tertium
1048 3100 1245 3177 fusus
1304 3125 1400 3195 17
1438 3122 1727 3176 tantum
1775 3100 2004 3175 libras
2051 3097 2232 3175 effe-

332 3209 478 3299 cit,
535 3204 616 3281 δε
664 3202 895 3281 acidis
946 3202 1223 3279 solutus
1276 3226 1426 3304 ope
1479 3202 1702 3281 alkali
1751 3198 2231 3377 phlogistica-

328 3311 387 3384 ti
448 3330 603 3382 tam
662 3306 985 3399 albidas,
1039 3331 1262 3405 quam
1334 3304 1680 3381 caeruleas
1741 3304 1941 3379 demi
1975 3324 2032 3377 1t
2078 3325 2236 3376 mo-

329 3408 607 3485 leculas
641 3466 665 3500 ,
722 3432 1035 3506 quarum
1092 3428 1341 3483 tamen
1407 3408 1703 3506 priores
1775 3400 2238 3479 numerofio-

329 3534 455 3587 res
502 3509 966 3611 apparebant
1005 3562 1026 3601 ‚
1079 3512 1269 3583 adeo
1317 3529 1400 3583 ut
1457 3502 1810 3583 concludi
1862 3502 2118 3613 pellit,
2157 3505 2248 3575 in.

333 3614 774 3687 centenario
826 3609 1230 3713 Magnefiii
1284 3608 1616 3712 vulgaris
1662 3606 2050 3711 peregrini
2085 3602 2240 3675 fer-

332 3714 453 3790 rei
502 3714 637 3789 vix
689 3712 866 3791 osto
919 3710 1356 3788 centefimas
1403 3709 1674 3792 adeffe.
2061 3702 2237 3777 Mo-
