2760 4749
509 314 639 411 De
692 321 1235 437 Praecipitem
1290 320 1761 411 Metallicis.
1975 306 2154 436 365*

216 534 627 614 nirnalculi
674 533 921 611 calore
954 532 1083 611 sub·
1130 534 1382 634 primo
1431 537 1746 614 introitu
1787 522 2141 639 expulsae,

222 638 582 719 debetur.
686 636 943 733 Itaque
980 634 1109 713 sub
1166 634 1946 740 respiratione-longe
1997 638 2144 727 ,alia
2261 682 2265 687 .

218 740 590 840 operatio
636 739 1027 839 peragitur
1060 792 1083 828 .,
1151 761 1374 837 quam
1459 737 1591 815 sub
1661 732 2141 841 deflagratio-

226 864 361 923 ηε.
462 844 629 918 Aer
670 836 931 914 forsan
979 837 1466 939 pulmonibus
1504 836 1952 943 phlogiston
2001 862 2142 939 po·

228 945 388 1017 tius
446 938 742 1026 adfert,
789 958 1013 1038 quam
1066 938 1271 1015 idem
1325 938 1597 1016 iisdem
1635 942 1880 1041 eripit.
1980 936 2146 1015 Un-

226 1044 341 1117 de
383 1041 611 1141 „pinus
656 1041 738 1113 in
788 1036 1165 1115 ficciffima
1213 1062 1470 1115 arena·
1505 1038 1850 1120 crescens
1934 1037 2190 1116 suam›

226 1141 539 1243 colligit
588 1140 1136 1242 pinguedinem
1166 1136 1207 1213 ’ἓ
1268 1140 1565 1216 Nonne
1607 1140 1700 1217 ab
1748 1137 1984 1219 a'e‘re‘?
2035 1142 2147 1217 A-

234 1242 549 1318 nimalia
578 1294 600 1333 ,
670 1264 839 1340 quae
921 1238 1053 1314 sub
1145 1238 1752 1337 manducatione¹
1820 1243 2146 1319 multum

230 1342 669 1420 immiscent
722 1342 958 1430 aem,
1007 1366 1163 1441 prae
1210 1342 1369 1416 aliis
1417 1340 1938 1445 pinguescunt.
1993 1345 2148 1419 Sed

232 1447 626 1519 mittamus
674 1439 835 1518 haec
878 1442 971 1515 ab
1008 1441 1351 1541 analogia
1394 1444 1629 1544 petita
1659 1464 2148 1549 argumenta:

240 1545 487 1647 magis
554 1536 841 1619 dire&a
914 1540 1436 1617 adhibeantur.
1563 1544 1762 1636 Aer,
1830 1544 1912 1619 in
2000 1568 2150 1643 qua

234 1647 551 1722 flamma
595 1640 1091 1744 exstinguitur
1119 1692 1142 1735 ‚
1196 1645 1416 1719 toties
1446 1640 1607 1719 fere
1655 1642 1930 1745 spirari
2033 1663 2148 1719 ot·-

238 1744 391 1839 est,
444 1768 532 1820 ac
608 1744 944 1847 vulgaris
1025 1740 1678 1843 atmosphaericus,
1744 1764 1818 1821 at
1899 1746 1982 1821 ni
2043 1744 2148 1821 ilo

236 1848 497 1923 minus
552 1842 685 1919 sub
736 1838 1285 1947 deflagratione
1356 1842 1808 1949 phlogiston
1877 1848 2151 1947 copio-

240 1947 321 2024 se
374 1949 664 2023 laxatur
692 2002 717 2038 ‚
774 1945 909 2022 illo
962 1965 1207 2021 autem
1256 1954 1386 2024 aer
1441 1946 1689 2023 bonus
1740 1966 1944 2023 totus
2017 1962 2152 2023 ex-

243 2050 383 2125 itui
434 2048 874 2147 adaptatur,
923 2070 1085 2121 non
1137 2059 1339 2136 vero·
1383 2046 1740 2141 vitiatur,
1777 2046 2000 2148 quod
2045 2070 2150 2124 ta·

240 2172 424 2225 men
495 2144 943 2249 respirando
1020 2144 1321 2246 semper
1405 2148 1704 2224 accidit.
1831 2149 2154 2252 Sanguis

240 2272 511 2327 recens
564 2251 641 2324 in
690 2257 863 2324 aere
921 2246 1132 2324 bono
1189 2243 1554 2345 quass'atus
1603 2246 1943 2347 ejusdem
1999 2273 2153 2325 am·

242 2353 488 2429 bitum
524 2374 688 2428 non
720 2345 1077 2443 constat,
1111 2343 1243 2424 sed
1292 2348 1458 2450 igni
1499 2347 1778 2451 alendo
1805 2349 2154 2453 ineptum

242 2452 525 2531 reddit.
654 2450 1020 2528 Ceterum
1054 2501 1077 2544 ,
1145 2446 1200 2525 fi
1264 2451 1713 2527 exoneratio
1787 2450 2156 2554 phlogisti

244 2577 388 2656 per
442 2551 1021 2654 respirationem
1068 2571 1292 2627 tantoe
1359 2547 1468 2626 est
1529 2549 2010 2640 necessitatis,
2071 2571 2156 2629 ut

244 2656 718 2733 recentiores
767 2667 1083 2757 urgent,
1136 2671 1340 2728 certe
1389 2661 1524 2730 a’er
1595 2651 2160 2740 inflammabilis

244 2755 549 2834 summo
596 2751 846 2858 gradu,
906 2753 1053 2830 erit
1119 2755 1416 2830 noxiuS.
1547 2749 1670 2830 Cl.
1759 2753 2161 2848 Semnus

243 2857 491 2936 nihilo
560 2858 811 2934 minus
880 2854 1205 2958 primus'
1248 2853 1491 2930 audax
1563 2853 1964 2932 succeffive
2009 2857 2160 2932 atri-

246 2957 487 3064 gefies
565 2957 969 3059 pulmones
1032 2953 1160 3030 tali
1232 2953 1589 3056 implevit
1615 3012 1639 3050 ,
1713 2960 1845 3057 qui
1905 2980 1950 3035 e
2011 2957 2162 3034 fer.

244 3085 342 3140 ro
371 3113 398 3154 ,
470 3082 522 3139 o
580 3081 623 3136 e
705 3057 901 3135 acidi
965 3053 1327 3132 vitriolici
1358 3107 1382 3152 ,
1454 3078 1926 3160 provocatus
1977 3077 2162 3136 erat.

244 3161 433 3238 Hoc
498 3169 510 3254 ξ
547 3155 713 3238 asto
809 3157 1175 3236 volumen
1276 3155 1487 3236 idern
1578 3153 1742 3236 fere
1829 3161 2162 3262 reperie-

244 3262 471 3340 batur
508 3319 535 3354 ,
610 3285 698 3340 ac
790 3257 885 3338 ab
948 3257 1212 3352 initio,
1280 3257 1921 3338 inflammabilitas
2001 3283 2166 3341 non

250 3385 543 3442 tantum
602 3360 893 3454 deleta,
974 3356 1106 3436 sed
1160 3359 1392 3438 etiam
1447 3358 1748 3441 indoles
1818 3365 1924 3440 ita
1993 3387 2164 3439 mu-
2267 3379 2276 3400 *

250 3486 407 3543 tata
434 3517 461 3562 ‚
512 3485 597 3540 ut
640 3465 949 3543 flamma
994 3457 1640 3566 exstingueretur,
1695 3462 2046 3543 animalia
2087 3485 2166 3540 e-

253 3586 710 3656 necarentur
798 3564 881 3642 δι
969 3586 1159 3664 aqua
1224 3561 1726 3666 respueretur.
1829 3564 2164 3642 Notabi-

250 3665 329 3748 le
382 3669 626 3749 hocee
674 3665 1289 3770 experimentum
1336 3667 1611 3746 iteravi
1661 3679 1836 3748 cum
1887 3663 2166 3846 eodsem

2046 3787 2166 3842 uc·
