2760 4749
590 321 747 411 288
1220 301 1345 394 De
1414 307 1831 422 Arstnico.

578 519 787 620 quod
838 517 1331 598 calcinatione
1383 519 1536 598 sola
1587 521 1792 624 abigi
1837 541 1934 597 ne
1989 519 2135 613 uit,
2195 511 2502 600 etenim

577 623 761 698 dum
838 647 1117 726 magna
1182 647 1355 724 pars
1409 625 1492 698 vi
1542 624 1742 738 ignis
1822 622 1897 698 di
1953 645 2238 724 ipatur‚
2311 626 2502 718 areli·

575 749 727 824 qua
775 723 903 800 vel
950 722 1390 828 phlogiston
1435 721 1702 800 senum
1745 724 2064 816 amittit,
2115 721 2197 800 &
2251 724 2498 800 instar

572 823 768 900 acidi
822 823 960 901 fixi
1012 825 1386 917 adhaeret,
1441 825 1564 901 vel
1617 823 1904 900 fusione
1956 826 2175 900 terris
2225 825 2494 900 metal-

570 919 737 1001 licis
788 925 1169 1005 adunatur.
1230 923 1526 1002 Addito
1561 947 1803 1000 autem
1851 922 1982 1000 sub
2037 921 2496 1002 candescen-

570 1029 668 1102 tia
716 1026 1030 1126 pulvere
1086 1027 1542 1115 carbonum,
1595 1049 1779 1101 mox
1811 1028 2102 1129 ingens
2151 1023 2350 1101 fumi
2385 1026 2491 1102 al·

570 1123 649 1202 bi
708 1129 1034 1227 erumpit
1088 1131 1353 1228 copia,
1411 1125 1662 1200 allium
1721 1125 2045 1226 spiram,
2119 1151 2287 1224 quae
2367 1130 2486 1201 ni·

570 1227 677 1302 hil
734 1229 931 1302 aliud
968 1227 1113 1318 est,
1144 1251 1369 1326 quam
1417 1223 1816 1302 arsenicale
1865 1226 2205 1320 acidum,
2251 1227 2486 1328 phlo-

570 1326 763 1430 gisto
818 1331 894 1402 in
962 1327 1288 1404 formam
1351 1327 1570 1404 calcis
1602 1327 2024 1412 sedass’cum.

1368 1525 1432 1631 §·
1490 1524 1628 1603 v1.

566 1643 1017 1760 Arsenici
1069 1644 1540 1760 calcinati
1587 1639 2271 1751 habitUS,aliis
2315 1647 2478 1734 via

887 1758 1131 1846 ficca
1188 1759 1622 1846 admixti
1675 1761 2142 1846 materiis,

725 1922 841 2023 A)
894 1923 1341 1998 Ansssmcum
1389 1921 1636 1998 album
1689 1941 1866 2016 cum
1911 1922 2178 2000 iisdem
2218 1939 2304 1996 ac
2351 1942 2486 1996 τε..

564 2022 781 2126 gulus
843 2023 1148 2096 metallis
1180 2021 1672 2122 colliquescit,
1715 2020 1953 2098 modo
1977 2040 2221 2098 autem
2260 2025 2472 2123 paul·

560 2125 714 2198 lum
743 2120 1070 2201 diverso·
1118 2123 1354 2200 Nulla
1378 2123 1686 2222 quidem
1717 2123 1879 2198 calx
1917 2149 2060 2222 qua
2091 2125 2278 2214 taliS‚
2313 2147 2471 2200 me»

561 2223 755 2304 tallis
812 2225 1011 2300 uniri
1062 2223 1345 2324 potest,
1403 2246 1475 2299 at
1535 2223 1954 2300 arsenicalis
2019 2222 2266 2299 nihilo
2327 2226 2471 2300 mi·

560 2345 739 2414 nus,
786 2325 1047 2401 iisdem
1110 2326 1187 2403 in
1236 2325 1624 2401 crucibulo
1660 2321 1829 2400 fufis
1859 2323 2153 2419 addita,
2199 2349 2472 2424 prom·

558 2448 633 2505 te
684 2424 921 2503 semet
982 2424 1322 2520 associat,
1372 2425 1532 2509 sed,
1580 2422 1784 2524 quod
1841 2426 2083 2527 pr'obe
2155 2426 2260 2501 est
2327 2448 2472 2502 noo·

558 2529 869 2605 tandum
902 2586 921 2619 ,
979 2527 1357 2604 mediante
1413 2525 1794 2628 phlogisto
1832 2527 2111 2603 metalli
2164 2526 2302 2602 fufi
2349 2552 2472 2603 re·

558 2629 818 2723 dusta,
873 2628 1237 2729 ideoque,
1287 2629 1473 2703 dum
1528 2629 1675 2701 hoc
1751 2622 2287 2728 imperfestum
2335 2628 2469 2721 est,

550 2732 853 2833 semper
900 2730 1161 2807 seoriae
1214 2729 1424 2806 fimul
1471 2731 1862 2821 oriuntur,
1905 2752 1998 2805 ex
2047 2748 2266 2831 parte
2319 2731 2470 2807 cab

555 2835 798 2910 einata
846 2832 927 2909 &
980 2830 1317 2909 arsenico
1368 2829 1542 2913 'albo
1587 2828 1948 2913 conflatae.

652 2980 657 2987 ’
717 2982 827 3079 Β)
886 2983 1339 3061 Ausi-,mcum
1410 2966 1658 3079 albam
1720 2979 1800 3057 in
1867 2983 2139 3059 nitrum
2209 2975 2468 3063 fusum

552 3082 977 3187 proiestum
1033 3086 1578 3193 vehementetn
1632 3080 1905 3159 excitat
1955 3080 2464 3179 intumescen-

554 3188 734 3263 tiam
788 3184 868 3263 &
928 3180 1624 3276 effervescentiam‚
1687 3177 1816 3259 sed
1881 3179 2034 3259 fine
2101 3180 2466 3262 scintilla-

551 3286 782 3367 tione.
890 3287 965 3360 Si
1043 3282 1208 3363 talis
1277 3284 1566 3361 additio
1646 3284 2126 3363 continuatur
2205 3284 2462 3365 donec·

550 3410 757 3463 nova
808 3386 1067 3489 portio
1102 3382 1390 3461 nullum
1430 3382 1707 3469 excitat
1755 3407 2086 3478 motum,
2117 3382 2198 3463 δε
2229 3380 2462 3465 maffa

547 3488 728 3567 dein
788 3489 982 3563 bene
1030 3484 1373 3563 funditur
1399 3539 1422 3580 ,
1474 3487 1636 3563 haec
1689 3486 2094 3584 Arsenicum
2143 3492 2345 3563 nitro
2373 3488 2462 3583 fi'·

532 3606 799 3675 ,καὶαπ
845 3590 1105 3665 vocari
1164 3587 1377 3667 solet..
1433 3620 1438 3623 ·
1484 3587 1632 3664 Sub
1699 3588 1840 3663 hac
1892 3590 2346 3689 operatione
2387 3618 2460 3670 a-

545 3693 799 3772 cidum
852 3692 1031 3769 nitri
1082 3686 1470 3798 phlogisto
1515 3690 1744 3793 ‘calcis
1791 3692 2180 3769 metallicae
2235 3695 2458 3771 vola.

2308 3797 2456 3874 tili·
