2760 4749
530 280 657 373 De
714 282 1256 397 Praecipitqtis
1314 259 1770 373 Metallicis.
1982 292 2150 399 >363

230 498 411 576 aeri
473 494 1101 603 dephlogisticato
1176 494 1273 571 ad
1342 494 1802 575 saturitatem
1872 486 2165 577 admix-

230 620 461 695 tum,
518 599 601 679 δι
649 620 882 683 omne
936 596 1333 675 evanescet
1385 596 1700 701 fluidum
1757 598 2163 697 elasticum,

234 703 469 778 vitro
522 698 1083 790 co'e‘rcendum,
1133 690 1466 775 calorem
1513 723 1883 804 generans
1929 702 2010 777 ὃ(
2039 726 2166 777 va-

238 801 330 880 sa
388 822 850 906 penetrum,
900 798 953 875 fi
998 804 1357 877 nimirum
1408 812 1534 877 aer
1579 800 1868 902 dephlo
1934 799 2164 884 istica·

234 925 379 981 tus
426 901 762 980 absolute
818 925 1049 1002 purus
1095 899 1227 995 fit,
1273 899 1382 977 fin
1431 904 1714 990 minuS,
1786 925 1867 977 re
1898 902 2165 979 iduum

238 1008 747 1105 quantitatem
780 1001 1177 1091 deterrimi
1214 1003 1614 1085 exhibebit.
1669 1004 1784 1078 Ex
1809 1003 1958 1079 hoc
1987 1002 2164 1079 fun·-

234 1106 617 1182 damento
668 1114 795 1181 a'e’r
841 1104 1448 1204 atmospbaericus
1503 1104 1838 1207 vulgaris
1887 1105 2164 1205 optimi
2245 1170 2250 1177 .

236 1208 656 1285 continere
706 1204 858 1282 dici
908 1204 1153 1307 potest
1199 1207 1498 1283 circiter
1549 1215 1592 1309 ἑ
1650 1206 1732 1283 &
1760 1204 2051 1309 peffimi
2087 1214 2162 1307 ᾖ.
2237 1245 2278 1257 ι·

288 1424 295 1429 -
410 1378 535 1451 An
591 1374 827 1453 fidem
876 1398 1211 1477 pronum
1266 1372 1413 1469 est,
1461 1386 1712 1463 aerem
1747 1378 2036 1467 bonum
2078 1377 2164 1455 in

234 1478 571 1552 noxium
618 1478 891 1555 mutari
941 1474 1174 1576 poffe.
1239 1476 1422 1551 Hoc
1471 1481 1898 1579 generatim
1941 1480 2165 1577 quid·
2245 1482 2266 1501 ²

238 1601 483 1675 quam
535 1578 661 1655 vel
708 1581 1069 1680 compagi
1118 1572 1540 1655 auferendo
1579 1635 1602 1671 ,
1652 1580 1776 1657 vel
1850 1577 2166 1677 hetero-

238 1700 605 1783 geneum
633 1678 1181 1775 immiscendo,
1227 1676 1393 1755 fieri
1440 1678 1689 1760 debet.
1768 1681 2162 1755 Maximo-

238 1804 425 1859 rum
508 1800 766 1857 tamen
866 1780 1219 1856 virorum
1298 1775 1679 1857 unani'mis
1751 1778 2162 1857 consensus

239 1877 544 1956 dudum
599 1905 761 1957 non
827 1900 1118 1959 tantum
1185 1880 1685 1980 posteriorem
1717 1881 1722 1891 '
1757 1903 2167 1957 commen-

236 1980 380 2058 dat
433 1980 913 2074 sententiam,
965 1978 1096 2057 sed
1145 1985 1369 2057 etiam
1431 1981 1874 2086 phlogiston
1939 1981 2163 2082 hujus

240 2084 771 2184 corruptionis
815 2081 1130 2158 accusat.
1233 2084 1339 2161 At
1420 2082 1954 2160 obliviscamur
2016 2106 2162 2185 per

240 2185 538 2283 aliquot
589 2204 979 2260 momenta
1030 2184 1296 2289 magni
1366 2183 1704 2283 alioquin
1773 2181 2163 2261 faciendas

238 2284 767 2380 austoritate8‚
830 2284 911 2361 δι
968 2286 1362 2361 veritatem
1409 2284 1670 2362 debito
1728 2308 2156 2386 quaeramus
2206 2291 2212 2299 “

242 2387 605 2465 candore.
660 2387 772 2466 Sit
810 2388 1099 2464 interea
1144 2385 1422 2464 nostrae
1467 2388 1869 2466 temeritati
1902 2389 2154 2472 venia.

402 2569 912 2649 Exmmauus
938 2567 1325 2674 process'us
1370 2570 1584 2665 illos,
1617 2568 1888 2671 quibus
1934 2569 2160 2672 phlo-
2221 2665 2224 2668 ἢ

242 2669 618 2780 gisticario
683 2676 1099 2774 peragitur.
1228 2671 1605 2749 Ponamus
1669 2697 1840 2748 cum
1902 2671 2160 2749 debita

132 2851 141 2860 ,
240 2772 649 2878 prudentia
714 2776 795 2850 in
877 2785 1046 2852 a‘e‘re
1112 2771 1462 2850 absolutae
1541 2773 1903 2850 bonitatis
1980 2797 2162 2851 can-

242 2876 495 2952 delam
578 2872 969 2951 accensam
1016 2932 1039 2968 ,
1130 2875 1211 2952 &
1286 2874 1676 2952 flammam
1767 2871 2158 2976 fulgidiffi-

240 3002 453 3055 mam
548 2972 934 3052 sustentari
1023 2973 1497 3068 videbimuS,
1615 2974 2160 3074 candelamque

242 3082 442 3156 mira
507 3078 889 3154 celeritate
948 3077 1349 3170 consumi,
1421 3098 1654 3177 usque
1741 3073 1925 3152 dum
1996 3098 2158 3152 tan-

244 3180 425 3258 dem
486 3179 677 3253 aeris
740 3203 1010 3280 parum
1085 3176 1354 3272 restet,
1434 3179 1642 3278 quod
1727 3173 1925 3252 acidi
2033 3186 2160 3252 ae-

244 3285 359 3359 rei
431 3278 769 3356 indolem
857 3277 1260 3373 monstrat,
1318 3303 1364 3356 e
1409 3275 1778 3356 desti-usta
1824 3275 1980 3356 fine
2023 3279 2158 3354 du-

246 3383 380 3459 bio
444 3381 956 3483 pinguedine,
1030 3383 1236 3484 cujus
1304 3379 1940 3482 compofitionem
2005 3402 2163 3456 ma·
2212 3433 2236 3452 .

245 3508 399 3586 gna
434 3485 677 3582 copia
722 3481 1171 3586 ingreditur.
1275 3481 1468 3560 Phlo
1525 3479 1716 3558 iston
1768 3477 1904 3556 (ub
1941 3503 2163 3558 com·

246 3582 593 3660 bustione
664 3582 988 3659 laxatum
1066 3585 1160 3659 ab
1226 3588 1400 3662 aere
1536 3608 1692 3659 ono
1753 3581 2160 3683 arripitur,

246 3686 584 3766 calorem
656 3704 973 3786 generat
1047 3683 1131 3762 δι
1196 3683 1372 3763 vasa
1441 3704 1824 3786 penetrat.
1935 3680 2153 3759 Hinc
2202 3753 2208 3759 ,

1397 3811 1402 3815 ·
1983 3805 2156 3881 quae
