2760 4749
545 334 708 420 504
929 301 1054 389 De
1115 298 1338 385 Tube
1375 291 2081 410 ferruminatorio.

539 540 624 592 ca
675 512 988 617 globum
1044 514 1368 590 inferior
1415 534 1587 614 pars
1639 511 2223 613 refrigeratione
2256 537 2443 590 con·

539 617 890 691 densatur
927 622 1008 688 in
1061 613 1337 715 spicula
1394 611 1865 714 crystallina,
1903 612 2044 688 illis
2090 613 2449 716 analoga,

539 741 704 816 quae
753 716 978 791 flores
1027 716 1401 820 argentini
1461 716 1720 790 vocari
1770 710 2031 795 solent.

695 816 912 894 CALx
957 815 1464 916 hyacinthino
1518 815 1759 891 fluxus
1821 813 2064 891 inficit
2127 813 2447 908 colore,

537 915 668 992 sed
718 916 846 994 sub
895 917 1179 994 fusione
1233 917 1575 992 fumat&
1623 915 1837 991 facile
1876 914 2211 1019 fugatur,
2246 942 2446 1016 prae·

537 1016 788 1094 sertim
842 1022 914 1094 in
971 1018 1314 1098 carbone.
1388 1017 1721 1094 Nimbus
1770 1037 2021 1094 tamen
2072 1019 2297 1094 etiam
2362 1021 2451 1094 in

543 1121 873 1194 carbone
924 1121 1352 1218 deponitur.

689 1221 1040 1293 Somnum
1091 1219 1475 1294 metallum
1544 1217 1751 1294 ferro
1802 1217 1883 1294 &
1939 1243 2175 1319 cupro
2246 1245 2453 1320 prae-

539 1321 829 1420 cipitari
883 1320 1166 1419 potest,
1229 1344 1383 1392 non
1438 1341 1681 1394 autem
1736 1343 1939 1396 aure.

1201 1419 1777 1515 Mnetalistaetum.
1822 1453 1833 1460 ·

690 1521 1211 1596 ANTIMoNluM
1243 1523 1559 1594 crudum
1613 1523 1691 1596 in
1721 1522 2045 1598 carbone
2076 1520 2455 1620 liquescit,

541 1618 856 1710 diffluit,
913 1621 1195 1712 fumat,
1243 1641 1588 1722 penetrat
1640 1623 1719 1698 ἃ
1771 1623 2078 1698 tandem
2142 1626 2453 1722 penitus

541 1721 962 1902 eviinestit'
1006 1746 1281 1823 praeter
1335 1722 1677 1798 nimbum
1741 1725 2238 1832 circumcirca
2328 1725 2453 1799 de-

540 1845 643 1923 po
701 1843 885 1898 tum.

1280 1947 1719 2050 §.XXXV.

1175 2053 1823 2166 Magnefium.

987 2165 1090 2252 ,Re
1141 2165 1399 2260 ulfinum
1450 2161 1539 2238 89³
1590 2165 2032 2249 calematum.

692 2261 1036 2368 REGuLus
1141 2267 1578 2340 amma-vix
1642 2266 1939 2367 cogitur
1973 2322 1996 2359 ,
2055 2289 2233 2340 nam
2288 2269 2459 2344 exi·

540 2362 632 2439 lis
679 2369 1036 2463 particula
1089 2365 1243 2443 fine
1287 2390 1503 2441 mora
1558 2367 2004 2460 calcinatur,
2058 2366 2141 2443 &
2205 2371 2463 2467 major

541 2462 712 2541 satis
767 2467 1088 2542 calefieri
1147 2465 1434 2567 nequit.

686 2564 900 2643 CAtx
931 2574 1144 2683 nigra
1176 2568 1500 2645 fluxibus
1534 2590 1575 2643 e
1612 2568 1930 2644 caeruleo
1973 2568 2291 2643 rubrum
2328 2588 2459 2639 co-

538 2664 780 2743 lorem
815 2671 1170 2770 impertit.
1224 2668 1543 2744 Tinctus
1582 2668 1877 2745 boracis
1915 2674 2157 2772 magis
2212 2668 2459 2741 flave-

541 2765 708 2858 scit,
767 2768 902 2847 nifi
965 2752 1210 2871 probe
1281 2769 1659 2845 saturatus,
1762 2770 2003 2847 Color
2078 2770 2457 2845 interiore

539 2866 848 2944 flamma
895 2868 1157 2947 senfim
1214 2874 1535 2947 omnino
1586 2871 1827 2971 fugari
1874 2870 2157 2972 potest,
2213 2868 2458 2943 mole-

541 2968 703 3043 cula
753 2972 930 3047 nitri
988 2972 1107 3048 vel
1149 2976 1523 3048 exteriore
1557 2972 1706 3046 sola
1740 2972 2245 3049 revocanduS.
2304 2970 2459 3043 Hae

540 3066 1076 3177 uicissitudines
1124 3097 1272 3173 pro
1325 3073 1559 3149 lubitu
1597 3071 1989 3151 alternant.
2096 3073 2339 3171 Ratio
2386 3094 2457 3145 a·

539 3162 676 3237 libi
725 3169 1166 3269 explicatur.

1203 3303 1787 3392 Miner-olisatum.

689 3396 944 3471 Aemo
1011 3407 1230 3475 a‘ereo
1303 3403 1783 3501 gravidatum
1852 3402 2107 3478 albicio
2168 3400 2455 3505 gaudet

539 3500 838 3590 colore,
887 3499 1017 3595 qui
1069 3500 1448 3601 ignitio'ne
1504 3530 1687 3581 mox
1730 3530 1901 3580 cum
1944 3506 2171 3607 nigro
2238 3510 2454 3578 com‘-

539 3618 884 3681 mutatur.
1009 3600 1376 3701 Alioquin
1472 3605 1623 3681 hoc
1704 3604 1966 3682 eadem
2050 3605 2459 3683 solutionis

547 3707 1048 3807 phaenomena
1101 3700 1505 3801 monstrat,
1558 3730 1643 3782 ac
1692 3708 1857 3783 calx
1906 3709 2157 3810 nigra.

1965 3808 2029 3909 §.
2084 3807 2455 3885 xxxvt.
