2760 4749
583 319 708 410 90
1013 293 1139 382 De
1185 316 1405 382 terra
1464 297 2027 384 Gemmarum.

479 501 490 516 ⁸
581 508 808 586 totius
856 509 1192 606 quintam
1260 507 1423 586 fere
1461 491 1769 610 ¹partem
1844 511 2255 610 attingeret
2284 558 2305 596 ‚
2392 503 2477 588 ὃ(

581 634 678 687 eo
722 607 1058 709 separato
1109 609 1481 686 residuum
1532 612 1771 686 nihilo
1832 612 2079 686 minus
2120 607 2477 686 eamdem

582 711 824 787 ferme
871 708 1208 786 indolem
1254 737 1338 786 ac
1392 735 1607 788 antea
1672 708 2157 800 monstraret,
2207 707 2475 804 conje-

585 799 786 887 ξὶένί
831 809 1326 888 extraffivum
1365 810 1511 888 effe
1542 809 2045 902 accidentale,
2094 806 2479 886 residuum

583 931 776 988 vero
821 913 1342 1011 particularem
1398 911 1843 988 constituere
1892 931 2171 990 tetram
2212 910 2479 1014 primi·

583 1016 862 1102 t'rvam,
915 1011 996 1088 δε
1037 1014 1224 1088 hauc
1277 1036 1579 1114 quoque
1622 1015 1699 1087 in
1742 1011 2125 1090 nonnullis
2176 1009 2485 1108 scriptis

585 1111 976 1214 divulgavi
1021 1115 1485 1210 opinionem.
1594 1109 1909 1190 Interim
1946 1133 2203 1188 tamen
2256 1108 2484 1187 vesti-

585 1214 710 1318 gia
761 1213 1158 1317 argillacea
1185 1237 1227 1290 c
1259 1211 1564 1314 saphiro
1606 1213 1880 1296 elicita,
1926 1236 2095 1316 quae
2126 1223 2281 1308 ,ξε
2316 1234 2482 1288 non

583 1337 996 1412 numquam
1047 1313 1547 1402 excedebant,
1582 1307 2011 1412 scrupulum
2062 1311 2255 1386 mihi
2306 1334 2477 1384 mo·

583 1414 865 1490 vebaut
913 1437 1226 1516 gravem
1255 1467 1276 1502 ‚
1325 1439 1555 1514 quum
1605 1411 1866 1514 saepius
1916 1409 2189 1488 fuerim
2258 1433 2483 1490 antea

585 1535 987 1615 expertuS,
1060 1539 1188 1603 ea,
1239 1533 1448 1612 quae.
1487 1539 1645 1589 non
1721 1513 2059 1590 obstante
2114 1507 2484 1593 subtiliffi·

582 1639 708 1691 ma
755 1615 1286 1716 pulveratione
1339 1615 1821 1704 mechanica,
1873 1611 2299 1688 insolubilla
2356 1637 2482 1711 ap-

583 1738 902 1816 parent,
957 1716 1257 1815 perasta
1309 1717 1384 1789 in
1436 1716 1581 1792 alio
1636 1711 2013 1790 menstruo
2063 1712 2443 1800 solutione
2462 1765 2497 1814 ‚l

581 1818 763 1890 dein
821 1817 1087 1890 iisdem
1145 1839 1413 1891 revera
1460 1813 1768 1915 suscipi,
1837 1839 2001 1914 quae
2068 1835 2287 1888 antea
2357 1815 2483 1889 in·

584 1913 911 1989 efficacia
953 1913 1274 1990 fuerunt.
1379 1917 1631 1990 Variis
1678 1917 1926 2012 itaque
1976 1914 2229 1990 modis
2278 1911 2481 1988 alka-

583 2015 640 2088 li
679 2013 838 2089 fixo
883 2036 1156 2089 metam
1208 2016 1579 2118 attingere
1638 2015 1941 2096 tentavi.
2048 2013 2301 2118 Hujus
2368 2011 2482 2094 sa·

581 2113 670 2188 lis
715 2135 890 2215 pars
935 2139 1123 2204 una,
1174 2114 1547 2189 mediante
1604 2117 1885 2190 idoneo
1944 2116 2145 2218 ignis
2208 2113 2482 2216 gradu,

581 2217 760 2290 duas
812 2213 1082 2314 quartfi
1137 2214 1259 2289 vel
1309 2215 1519 2290 filicis
1572 2218 1650 2290 in
1703 2219 1984 2291 vitrum
2042 2217 2255 2317 cogit
2307 2237 2481 2314 per·

580 2315 912 2394 lucidum
975 2315 1054 2393 δε
1105 2313 1407 2405 stabile,
1480 2341 1633 2415 quo
1695 2340 1885 2391 vero
1941 2319 2185 2419 magis
2256 2339 2483 2423 auge-

577 2444 693 2495 tur
746 2417 903 2495 salis
951 2422 1362 2517 quantitas»,
1402 2440 1495 2493 eo
1521 2414 1837 2492 deterius
1876 2420 2119 2492 oritur
2170 2419 2484 2507 vitrum,

579 2518 786 2619 quod
849 2546 1000 2595 non
1057 2542 1338 2593 tantum
1388 2518 1618 2593 acidis
1674 2516 2156 2607 corroditur,
2202 2516 2378 2607 sed,
2432 2514 2486 2593 st

383 2704 388 2714 ¹
480 2708 488 2725 ,
581 2622 894 2720 duplum
945 2618 1110 2694 salis
1157 2621 1537 2702 continet,
1599 2620 1675 2691 in
1730 2618 1969 2695 libero
2021 2620 2243 2697 etiam
2306 2630 2485 2697 aere

577 2721 1026 2795 humiditate
1082 2721 1389 2793 laeditur.
1500 2718 1667 2791 Hac
1738 2717 2113 2794 methodo
2187 2720 2485 2795 vitrum

580 2844 766 2915 aqua
824 2817 1127 2895 solubile
1175 2819 1469 2915 adquiri
1522 2815 1781 2913 potest.
1842 2817 1928 2893 In
1986 2816 2247 2895 massas
2312 2844 2491 2919 per·

577 2915 860 2993 lucidas
910 2943 1057 3018 ope
1117 2917 1336 2994 alkali
1392 2916 1751 2995 haetenus
1833 2918 2159 3019 gemmae
2224 2921 2491 3023 redigi

583 3045 739 3093 non
794 3038 1240 3117 potuerunt,
1297 3018 1375 3093 ὃς
1424 3038 1503 3092 ut
1554 3018 2127 3115 quodammodo
2185 3018 2489 3099 fusione

578 3120 1028 3209 coalescant,
1081 3118 1572 3217 quadruplum
1628 3120 2023 3215 requiritur
2076 3118 2283 3209 salis,
2338 3120 2491 3211 ast,

578 3244 747 3293 cum
800 3220 956 3294 haec
1033 3222 1372 3319 operatio
1439 3244 1591 3295 non
1636 3219 1764 3295 nili
1819 3220 1894 3293 in
1968 3218 2154 3295 vafis
2202 3220 2492 3301 ferreis

579 3343 742 3395 tuto
805 3322 1078 3394 institui
1128 3340 1393 3417 queat,
1459 3319 1537 3395 &
1576 3340 1733 3394 tum
1798 3318 2021 3396 massa
2076 3344 2235 3398 non
2318 3344 2491 3398 tan·

579 3443 736 3495 tum
795 3419 946 3495 ‘vali
1015 3421 1493 3521 pertinaciter
1562 3417 1973 3507 adcrescat,
2062 3419 2189 3495 sed
2264 3420 2496 3501 simul

577 3522 778 3599 fetro
823 3522 1221 3611 obruatur,
1283 3543 1555 3622 graves
1602 3521 1876 3619 patirur
1930 3520 2313 3599 molestias
2364 3526 2495 3599 illa

576 3624 721 3702 via.
820 3623 1230 3703 Teutando
1305 3644 1553 3701 autem
1636 3618 1945 3715 inveni,
2024 3618 2494 3725 supervaca-

2255 3748 2494 3800 neam

1492 3878 1526 3891 l
