2760 4749
380 347 387 354 ·
439 298 570 389 De
632 296 866 387 Tubo
897 294 1622 413 ftrru‘minatorio.
1708 431 1723 443 ἱ
1862 298 2023 409 461

115 516 220 591 tis
275 533 521 618 patet,
579 538 806 614 quam
859 513 962 590 ob
1009 510 1300 589 causam
1352 513 1433 587 in
1489 486 1823 589 carbone
1894 532 2035 589 ne-

117 637 350 717 queat
399 614 787 698 inservire.
893 614 1076 691 Hoc
1124 615 1352 692 alkali
1391 617 1635 691 varias
1672 612 2036 713 adgredi-

116 740 250 793 tur
293 716 424 793 sub
475 716 766 793 fufione
819 719 1204 811 materiaS,
1249 714 1678 820 praesertim
1726 714 2031 792 filiceaS.

281 869 549 947 BonAx
604 867 1094 971 crystallisata
1154 870 1238 946 in
1307 868 1643 945 carbone
1704 866 2037 943 flammae
2121 936 2128 941 ,

117 969 460 1073 exposita
508 972 843 1072 primum
886 970 974 1047 fit
1026 993 1307 1071 opaca,
1366 970 1534 1048 alba
1564 971 1647 1049 δε
1707 966 2036 1044 mirifice

111 1070 629 1149 intumescens
679 1074 1011 1173 ramulos
1074 1074 1460 1171 variasque
1513 1070 1791 1148 exserit
1854 1092 2040 1170 pro-

112 1174 598 1266 tuberantias,
643 1197 830 1273 aqua
883 1197 1070 1249 vero
1125 1172 1469 1274 expulsa,
1514 1176 1595 1251 in
1645 1169 2033 1249 maffulam

113 1276 346 1351 facile
399 1277 750 1377 cogitur,
812 1301 978 1373 quae
1036 1273 1280 1375 probe
1346 1272 1505 1352 fusa
1577 1272 2036 1375 sphaerulam

109 1375 411 1479 praebet
457 1376 728 1452 nullius
787 1377 1060 1455 coloris
1101 1376 1181 1451 &
1211 1376 1813 1477 perluciditatem
1846 1398 2035 1473 quo·

113 1500 271 1577 que
315 1474 712 1579 frigefa&a
765 1476 1182 1553 conservat.
1287 1478 1364 1553 Si
1420 1480 1667 1553 Borax
1721 1476 2037 1552 adhibe-

111 1601 243 1654 tur
279 1578 630 1653 calcinata
680 1579 895 1653 citius
955 1576 1321 1680 sphaerula
1371 1578 1763 1653 obtinetur
1812 1576 2034 1653 clara.

109 1681 283 1759 Hie
345 1677 444 1756 sal
497 1677 722 1753 alkali
781 1678 1067 1754 constat
1137 1678 1534 1774 minerali,
1605 1679 1813 1778 quod
1883 1704 2034 1778 qua
2098 1716 2101 1721 ·

79 1802 420 1885 ¹partem
469 1801 754 1857 tantum
807 1778 1170 1883 peculiari
1217 1779 1485 1872 acido,
1538 1775 1706 1856 salis
1760 1776 2035 1857 sedati-

13 1954 22 1964 ‚
111 1885 205 1961 vi
257 1882 570 1973 nomine
625 1901 861 1973 not0,
909 1877 1312 1957 saturatum
1366 1878 1491 1956 est.
1596 1881 2035 1980 Utrumque

106 1985 586 2089 principium
626 2004 766 2083 per
805 1978 881 2057 se
930 1980 1032 2056 est
1072 1978 1364 2061 fufibile
1402 1982 1482 2059 δε
1530 1981 1839 2061 aliarum
1876 2008 2031 2061 ma·

111 2088 487 2167 terierum
527 2083 729 2160 haud
785 2084 1148 2187 exiguum
1189 2083 1418 2161 solvit
1470 2094 1897 2162 numerum.

265 2236 650 2315 -Coemro
709 2236 990 2331 modo,
1041 2261 1194 2335 quo
1244 2235 1319 2313 se
1365 2259 1648 2340 gerunt
1691 2241 1771 2314 in
1843 2241 2031 2345 igne

111 2342 206 2420 hi
252 2339 436 2430 sales
487 2337 654 2432 soli,
707 2338 904 2416 haud
963 2337 1362 2418 difficulter
1426 2338 1869 2418 observatur
1921 2341 2031 2421 di-

111 2443 587 2622 scffPanftiffi
633 2466 801 2541 quae
853 2464 950 2517 ex
1021 2441 1276 2522 addita
1326 2441 1659 2542 qualibet
1712 2446 2031 2523 materia

107 2571 212 2650 pr
266 2567 505 2622 vem.

940 2696 1008 2800 §-
1056 2697 1234 2788 vn,

103 2816 355 2937 Quae
410 2815 632 2906 sunt
689 2819 1124 2908 notanda
1165 2809 1681 2910 momenta
1731 2825 1827 2912 in
1878 2847 2029 2912 ex·

106 2933 438 3020 amine
489 2927 1041 3048 cnjuslibet
1094 2939 1549 3044 materiae,
1593 2938 1810 3024 tubi
1849 2934 2035 3028 fer-

246 3047 891 3134 ruminatorii
955 3075 1144 3166 ope
1199 3049 1865 3166 explorandae.

263 3209 721 3288 Dum-rua
771 3215 1106 3317 primum
1163 3215 1473 3294 flamma
1526 3215 1871 3294 exterior
1940 3215 2026 3294 in

109 3311 510 3390 frustulum
561 3313 1120 3413 explorandum
1175 3315 1460 3412 solum,
1516 3314 1853 3418 ejusdem
1892 3341 2023 3396 ve·

107 3437 209 3493 ro
257 3411 582 3492 efficacia
642 3415 891 3516 probe
958 3421 1266 3522 cognita
1291 3473 1341 3519 ,¹
1388 3419 1834 3498 adhibeatur
1914 3421 2027 3497 in·

103 3518 348 3599 terior
391 3509 728 3593 caerulea.

267 3619 665 3697 Noram-un
709 3643 904 3698 vero
955 3641 1308 3724 oportet,
1356 3644 1541 3699 num
1574 3617 2021 3725 decrepitet,

108 3717 442 3816 fatiscat,
481 3721 964 3820 intumescat,
1018 3723 1420 3826 liquescat,
1461 3720 1806 3820 ebulliat,
1885 3727 2031 3800 νεα·

1870 3849 2023 3932 {ge-
