<?xml version="1.0" encoding="UTF-8"?>
<!DOCTYPE html PUBLIC "-//W3C//DTD XHTML 1.0 Transitional//EN"
    "http://www.w3.org/TR/xhtml1/DTD/xhtml1-transitional.dtd">
<html xmlns="http://www.w3.org/1999/xhtml" xml:lang="en" lang="en">
 <head>
  <title>
</title>
<meta http-equiv="Content-Type" content="text/html;charset=utf-8" />
  <meta name='ocr-system' content='tesseract 3.04.00' />
  <meta name='ocr-capabilities' content='ocr_page ocr_carea ocr_par ocr_line ocrx_word'/>
</head>
<body>
  <div class='ocr_page' id='page_1' title='image "./opusculaphysica04berggoog/opusculaphysica04berggoog_0269.png"; bbox 0 0 2760 4749; ppageno 0'>
   <div class='ocr_carea' id='block_1_1' title="bbox 1526 228 1539 258">
    <p class='ocr_par' dir='ltr' id='par_1_1' title="bbox 1526 228 1539 258">
     <span class='ocr_line' id='line_1_1' title="bbox 1526 228 1539 258; baseline 0 0"><span class='ocrx_word' id='word_1_1' title='bbox 1526 228 1539 258; x_wconf 65' lang='grc' dir='ltr'>ἱ</span> 
     </span>
    </p>
   </div>
   <div class='ocr_carea' id='block_1_2' title="bbox 851 275 2108 390">
    <p class='ocr_par' dir='ltr' id='par_1_2' title="bbox 851 275 2108 390">
     <span class='ocr_line' id='line_1_2' title="bbox 851 275 2108 390; baseline 0.002 -27"><span class='ocrx_word' id='word_1_2' title='bbox 851 275 978 363; x_wconf 87' lang='lat' dir='ltr'>De</span> <span class='ocrx_word' id='word_1_3' title='bbox 1040 275 1136 364; x_wconf 89' lang='lat' dir='ltr'><strong><em>N</em></strong></span> <span class='ocrx_word' id='word_1_4' title='bbox 1136 276 1396 369; x_wconf 74' lang='lat' dir='ltr'>lecolo,</span> <span class='ocrx_word' id='word_1_5' title='bbox 1946 281 2108 390; x_wconf 85' lang='lat'>267</span> 
     </span>
    </p>
   </div>
   <div class='ocr_carea' id='block_1_3' title="bbox 152 487 2216 2310">
    <p class='ocr_par' dir='ltr' id='par_1_3' title="bbox 152 487 2216 1506">
     <span class='ocr_line' id='line_1_3' title="bbox 198 487 2216 666; baseline -0 -97"><span class='ocrx_word' id='word_1_6' title='bbox 198 513 505 598; x_wconf 81' lang='lat' dir='ltr'>partem</span> <span class='ocrx_word' id='word_1_7' title='bbox 586 487 797 564; x_wconf 87' lang='lat' dir='ltr'>ferro</span> <span class='ocrx_word' id='word_1_8' title='bbox 866 491 1205 580; x_wconf 78' lang='lat' dir='ltr'>constare</span> <span class='ocrx_word' id='word_1_9' title='bbox 1259 493 1570 572; x_wconf 86' lang='lat' dir='ltr'><strong>evincit.</strong></span> <span class='ocrx_word' id='word_1_10' title='bbox 1692 493 1805 568; x_wconf 90' lang='lat' dir='ltr'>Sit</span> <span class='ocrx_word' id='word_1_11' title='bbox 1865 490 2118 666; x_wconf 48' lang='lat' dir='ltr'>itaz&#39;ue</span> <span class='ocrx_word' id='word_1_12' title='bbox 2206 578 2216 588; x_wconf 65' lang='lat'>„</span> 
     </span>
     <span class='ocr_line' id='line_1_4' title="bbox 186 589 2116 698; baseline -0.004 -28"><span class='ocrx_word' id='word_1_13' title='bbox 186 616 373 698; x_wconf 82' lang='lat' dir='ltr'>p:</span> <span class='ocrx_word' id='word_1_14' title='bbox 408 589 697 689; x_wconf 86' lang='lat' dir='ltr'><em>13f=</em></span> <span class='ocrx_word' id='word_1_15' title='bbox 734 607 1002 688; x_wconf 85' lang='lat'>8‚000;</span> <span class='ocrx_word' id='word_1_16' title='bbox 1068 621 1243 667; x_wconf 79' lang='lat' dir='ltr'>a:</span> <span class='ocrx_word' id='word_1_17' title='bbox 1295 591 1526 691; x_wconf 77' lang='lat'>9,000</span> <span class='ocrx_word' id='word_1_18' title='bbox 1573 591 1672 692; x_wconf 84' lang='lat'>(§.</span> <span class='ocrx_word' id='word_1_19' title='bbox 1723 591 1914 681; x_wconf 77' lang='lat' dir='ltr'>VII,</span> <span class='ocrx_word' id='word_1_20' title='bbox 2091 649 2116 684; x_wconf 87' lang='lat'>‚</span> 
     </span>
     <span class='ocr_line' id='line_1_5' title="bbox 202 692 2116 798; baseline -0.002 -25"><span class='ocrx_word' id='word_1_21' title='bbox 202 701 349 773; x_wconf 85' lang='lat' dir='ltr'>erit</span> <span class='ocrx_word' id='word_1_22' title='bbox 398 719 566 798; x_wconf 85' lang='lat' dir='ltr'>q=</span> <span class='ocrx_word' id='word_1_23' title='bbox 600 719 641 767; x_wconf 88' lang='lat'>2</span> <span class='ocrx_word' id='word_1_24' title='bbox 699 692 779 769; x_wconf 91' lang='lat'>&amp;</span> <span class='ocrx_word' id='word_1_25' title='bbox 831 705 1279 788; x_wconf 82' lang='lat' dir='ltr'><em>n=9,600.</em></span> <span class='ocrx_word' id='word_1_26' title='bbox 1389 692 1638 791; x_wconf 87' lang='lat' dir='ltr'>Hujus</span> <span class='ocrx_word' id='word_1_27' title='bbox 1708 692 1974 770; x_wconf 85' lang='lat' dir='ltr'>calculi</span> <span class='ocrx_word' id='word_1_28' title='bbox 2045 719 2116 769; x_wconf 90' lang='lat' dir='ltr'>e-</span> 
     </span>
     <span class='ocr_line' id='line_1_6' title="bbox 199 792 2116 894; baseline -0.003 -21"><span class='ocrx_word' id='word_1_29' title='bbox 199 797 537 873; x_wconf 83' lang='lat' dir='ltr'>lementa</span> <span class='ocrx_word' id='word_1_30' title='bbox 594 798 694 868; x_wconf 87' lang='lat' dir='ltr'>ita</span> <span class='ocrx_word' id='word_1_31' title='bbox 742 792 1049 870; x_wconf 87' lang='lat' dir='ltr'>fuerunt</span> <span class='ocrx_word' id='word_1_32' title='bbox 1102 793 1488 886; x_wconf 85' lang='lat' dir='ltr'>adsumta,</span> <span class='ocrx_word' id='word_1_33' title='bbox 1563 817 1644 872; x_wconf 93' lang='lat' dir='ltr'>ut</span> <span class='ocrx_word' id='word_1_34' title='bbox 1689 793 1912 894; x_wconf 87' lang='lat' dir='ltr'>·justo</span> <span class='ocrx_word' id='word_1_35' title='bbox 1979 797 2116 869; x_wconf 88' lang='lat' dir='ltr'>mi·</span> 
     </span>
     <span class='ocr_line' id='line_1_7' title="bbox 152 891 2120 1000; baseline -0.001 -24"><span class='ocrx_word' id='word_1_36' title='bbox 152 923 357 976; x_wconf 88' lang='lat' dir='ltr'><strong>·nor</strong></span> <span class='ocrx_word' id='word_1_37' title='bbox 406 891 737 997; x_wconf 87' lang='lat' dir='ltr'>podierit</span> <span class='ocrx_word' id='word_1_38' title='bbox 792 895 1008 970; x_wconf 86' lang='lat' dir='ltr'>valor</span> <span class='ocrx_word' id='word_1_39' title='bbox 1077 899 1171 975; x_wconf 75' lang='grc' dir='ltr'>τέ·</span> <span class='ocrx_word' id='word_1_40' title='bbox 1216 923 1297 988; x_wconf 89' lang='lat' dir='ltr'>n,</span> <span class='ocrx_word' id='word_1_41' title='bbox 1367 921 1542 972; x_wconf 85' lang='lat' dir='ltr'>nam</span> <span class='ocrx_word' id='word_1_42' title='bbox 1624 918 2120 1000; x_wconf 84' lang='lat' dir='ltr'>augmentum</span> 
     </span>
     <span class='ocr_line' id='line_1_8' title="bbox 200 993 2119 1098; baseline -0.001 -22"><span class='ocrx_word' id='word_1_43' title='bbox 200 999 487 1076; x_wconf 87' lang='lat' dir='ltr'>niccoli</span> <span class='ocrx_word' id='word_1_44' title='bbox 540 994 865 1097; x_wconf 79' lang='lat' dir='ltr'>positum</span> <span class='ocrx_word' id='word_1_45' title='bbox 924 993 1025 1070; x_wconf 87' lang='lat' dir='ltr'>est</span> <span class='ocrx_word' id='word_1_46' title='bbox 1074 997 1622 1095; x_wconf 70' lang='lat' dir='ltr'>aequale,fei·ri,</span> <span class='ocrx_word' id='word_1_47' title='bbox 1699 1000 1906 1098; x_wconf 89' lang='lat' dir='ltr'>quod</span> <span class='ocrx_word' id='word_1_48' title='bbox 1983 1000 2119 1076; x_wconf 83' lang='lat' dir='ltr'>vix</span> 
     </span>
     <span class='ocr_line' id='line_1_9' title="bbox 197 1096 2118 1215; baseline -0.001 -38"><span class='ocrx_word' id='word_1_49' title='bbox 197 1099 307 1177; x_wconf 89' lang='lat' dir='ltr'>est</span> <span class='ocrx_word' id='word_1_50' title='bbox 354 1096 798 1202; x_wconf 83' lang='lat' dir='ltr'>probabile3</span> <span class='ocrx_word' id='word_1_51' title='bbox 858 1096 1037 1174; x_wconf 86' lang='lat' dir='ltr'>dein</span> <span class='ocrx_word' id='word_1_52' title='bbox 1076 1099 1264 1175; x_wconf 84' lang='lat' dir='ltr'>ferri</span> <span class='ocrx_word' id='word_1_53' title='bbox 1309 1102 1678 1200; x_wconf 80' lang='lat' dir='ltr'>quantitas</span> <span class='ocrx_word' id='word_1_54' title='bbox 1727 1122 2019 1215; x_wconf 44' lang='lat' dir='ltr'>tansum</span> <span class='ocrx_word' id='word_1_55' title='bbox 2065 1109 2118 1200; x_wconf 67' lang='lat'>{-</span> 
     </span>
     <span class='ocr_line' id='line_1_10' title="bbox 194 1198 2118 1301; baseline -0.002 -23"><span class='ocrx_word' id='word_1_56' title='bbox 194 1199 638 1294; x_wconf 81' lang='lat' dir='ltr'>aestimatur‚</span> <span class='ocrx_word' id='word_1_57' title='bbox 701 1198 875 1276; x_wconf 91' lang='lat' dir='ltr'>licet</span> <span class='ocrx_word' id='word_1_58' title='bbox 936 1224 975 1275; x_wconf 91' lang='lat' dir='ltr'>e</span> <span class='ocrx_word' id='word_1_59' title='bbox 1012 1198 1199 1276; x_wconf 85' lang='lat' dir='ltr'>datis</span> <span class='ocrx_word' id='word_1_60' title='bbox 1256 1203 1502 1300; x_wconf 87' lang='lat' dir='ltr'>major</span> <span class='ocrx_word' id='word_1_61' title='bbox 1556 1199 1945 1301; x_wconf 75' lang='lat' dir='ltr'>sequatur,</span> <span class='ocrx_word' id='word_1_62' title='bbox 1989 1201 2118 1276; x_wconf 89' lang='lat' dir='ltr'>de-</span> 
     </span>
     <span class='ocr_line' id='line_1_11' title="bbox 194 1301 2116 1402; baseline -0.001 -24"><span class='ocrx_word' id='word_1_63' title='bbox 194 1304 433 1400; x_wconf 87' lang='lat' dir='ltr'>nique</span> <span class='ocrx_word' id='word_1_64' title='bbox 481 1301 1029 1402; x_wconf 56' lang='lat' dir='ltr'>incrementig-</span> <span class='ocrx_word' id='word_1_65' title='bbox 1110 1303 1528 1379; x_wconf 86' lang='lat' dir='ltr'>carbonum</span> <span class='ocrx_word' id='word_1_66' title='bbox 1601 1304 1904 1402; x_wconf 85' lang='lat' dir='ltr'>pulveri</span> <span class='ocrx_word' id='word_1_67' title='bbox 1982 1302 2116 1377; x_wconf 87' lang='lat' dir='ltr'>ad-</span> 
     </span>
     <span class='ocr_line' id='line_1_12' title="bbox 190 1401 2116 1506; baseline -0.002 -23"><span class='ocrx_word' id='word_1_68' title='bbox 190 1405 551 1483; x_wconf 84' lang='lat' dir='ltr'>scribitur</span> <span class='ocrx_word' id='word_1_69' title='bbox 588 1454 613 1495; x_wconf 94' lang='lat'>,</span> <span class='ocrx_word' id='word_1_70' title='bbox 668 1403 791 1478; x_wconf 89' lang='lat' dir='ltr'>etfi</span> <span class='ocrx_word' id='word_1_71' title='bbox 846 1401 1130 1504; x_wconf 87' lang='lat' dir='ltr'>reliqua</span> <span class='ocrx_word' id='word_1_72' title='bbox 1184 1407 1751 1506; x_wconf 85' lang='lat' dir='ltr'>experimenta,</span> <span class='ocrx_word' id='word_1_73' title='bbox 1821 1401 2116 1480; x_wconf 83' lang='lat' dir='ltr'>cineres</span> 
     </span>
    </p>

    <p class='ocr_par' dir='ltr' id='par_1_4' title="bbox 190 1502 2116 2310">
     <span class='ocr_line' id='line_1_13' title="bbox 256 1502 2115 1606; baseline 0.001 -28"><span class='ocrx_word' id='word_1_74' title='bbox 256 1530 473 1581; x_wconf 85' lang='lat' dir='ltr'>arum</span> <span class='ocrx_word' id='word_1_75' title='bbox 530 1502 656 1581; x_wconf 88' lang='lat' dir='ltr'>vel</span> <span class='ocrx_word' id='word_1_76' title='bbox 704 1503 894 1577; x_wconf 89' lang='lat' dir='ltr'>nihil</span> <span class='ocrx_word' id='word_1_77' title='bbox 946 1505 1230 1581; x_wconf 83' lang='lat' dir='ltr'>addere</span> <span class='ocrx_word' id='word_1_78' title='bbox 1280 1503 1680 1606; x_wconf 72' lang='lat' dir='ltr'>ponderis&#39;,</span> <span class='ocrx_word' id='word_1_79' title='bbox 1730 1504 2115 1580; x_wconf 86' lang='lat' dir='ltr'>testentur.</span> 
     </span>
     <span class='ocr_line' id='line_1_14' title="bbox 194 1533 2111 1709; baseline -0.002 -26"><span class='ocrx_word' id='word_1_80' title='bbox 194 1533 419 1683; x_wconf 50' lang='lat' dir='ltr'>{linc</span> <span class='ocrx_word' id='word_1_81' title='bbox 462 1607 706 1702; x_wconf 85' lang='lat' dir='ltr'>itaque</span> <span class='ocrx_word' id='word_1_82' title='bbox 771 1605 1295 1682; x_wconf 76' lang='lat' dir='ltr'>concludimus</span> <span class='ocrx_word' id='word_1_83' title='bbox 1362 1607 1630 1682; x_wconf 84' lang='lat' dir='ltr'>niccoli</span> <span class='ocrx_word' id='word_1_84' title='bbox 1705 1607 1870 1680; x_wconf 88' lang='lat' dir='ltr'>veri</span> <span class='ocrx_word' id='word_1_85' title='bbox 1946 1631 2111 1709; x_wconf 85' lang='lat' dir='ltr'>gra-</span> 
     </span>
     <span class='ocr_line' id='line_1_15' title="bbox 191 1704 2116 1806; baseline -0.003 -21"><span class='ocrx_word' id='word_1_86' title='bbox 191 1711 519 1786; x_wconf 85' lang='lat' dir='ltr'>vitatem</span> <span class='ocrx_word' id='word_1_87' title='bbox 570 1704 996 1806; x_wconf 88' lang='lat' dir='ltr'>specificam</span> <span class='ocrx_word' id='word_1_88' title='bbox 1030 1705 1270 1782; x_wconf 89' lang='lat' dir='ltr'>saltim</span> <span class='ocrx_word' id='word_1_89' title='bbox 1329 1733 1486 1782; x_wconf 91' lang='lat' dir='ltr'>non</span> <span class='ocrx_word' id='word_1_90' title='bbox 1544 1705 1687 1782; x_wconf 82' lang='lat' dir='ltr'>effe</span> <span class='ocrx_word' id='word_1_91' title='bbox 1739 1733 1965 1802; x_wconf 85' lang='lat'>9‚000</span> <span class='ocrx_word' id='word_1_92' title='bbox 1999 1709 2116 1780; x_wconf 88' lang='lat' dir='ltr'>in-</span> 
     </span>
     <span class='ocr_line' id='line_1_16' title="bbox 192 1807 2114 1908; baseline -0.001 -22"><span class='ocrx_word' id='word_1_93' title='bbox 192 1809 589 1886; x_wconf 86' lang='lat' dir='ltr'>feriorem.</span> <span class='ocrx_word' id='word_1_94' title='bbox 698 1807 927 1884; x_wconf 85' lang='lat' dir='ltr'>Ponit</span> <span class='ocrx_word' id='word_1_95' title='bbox 989 1807 1295 1908; x_wconf 88' lang='lat' dir='ltr'>quidem</span> <span class='ocrx_word' id='word_1_96' title='bbox 1354 1808 1676 1882; x_wconf 86' lang='lat' dir='ltr'>calculus</span> <span class='ocrx_word' id='word_1_97' title='bbox 1720 1809 2114 1884; x_wconf 85' lang='lat' dir='ltr'>volumina</span> 
     </span>
     <span class='ocr_line' id='line_1_17' title="bbox 192 1907 2113 2007; baseline -0.002 -21"><span class='ocrx_word' id='word_1_98' title='bbox 192 1914 591 1986; x_wconf 83' lang='lat' dir='ltr'>immutata</span> <span class='ocrx_word' id='word_1_99' title='bbox 645 1910 725 1982; x_wconf 89' lang='lat' dir='ltr'>in</span> <span class='ocrx_word' id='word_1_100' title='bbox 778 1907 1132 2002; x_wconf 83' lang='lat' dir='ltr'>mistura,</span> <span class='ocrx_word' id='word_1_101' title='bbox 1187 1909 1397 2007; x_wconf 90' lang='lat' dir='ltr'>quod</span> <span class='ocrx_word' id='word_1_102' title='bbox 1445 1934 1623 1985; x_wconf 85' lang='lat' dir='ltr'>raro</span> <span class='ocrx_word' id='word_1_103' title='bbox 1672 1908 1968 1998; x_wconf 85' lang='lat' dir='ltr'>accidit,</span> <span class='ocrx_word' id='word_1_104' title='bbox 2009 1908 2113 1983; x_wconf 88' lang='lat' dir='ltr'>ast</span> 
     </span>
     <span class='ocr_line' id='line_1_18' title="bbox 191 2009 2113 2114; baseline -0.002 -25"><span class='ocrx_word' id='word_1_105' title='bbox 191 2034 420 2089; x_wconf 86' lang='lat' dir='ltr'>error</span> <span class='ocrx_word' id='word_1_106' title='bbox 468 2009 648 2085; x_wconf 91' lang='lat' dir='ltr'>inde</span> <span class='ocrx_word' id='word_1_107' title='bbox 705 2015 917 2085; x_wconf 80' lang='lat' dir='ltr'>natus</span> <span class='ocrx_word' id='word_1_108' title='bbox 966 2035 1250 2102; x_wconf 88' lang='lat'>0,7000</span> <span class='ocrx_word' id='word_1_109' title='bbox 1300 2035 1712 2114; x_wconf 81' lang='lat' dir='ltr'>numquam</span> <span class='ocrx_word' id='word_1_110' title='bbox 1770 2010 2113 2103; x_wconf 87' lang='lat' dir='ltr'><strong>excedit,</strong></span> 
     </span>
     <span class='ocr_line' id='line_1_19' title="bbox 192 2111 2112 2212; baseline -0.001 -25"><span class='ocrx_word' id='word_1_111' title='bbox 192 2132 557 2212; x_wconf 74' lang='lat' dir='ltr'>quantum</span> <span class='ocrx_word' id='word_1_112' title='bbox 610 2111 757 2186; x_wconf 91' lang='lat' dir='ltr'>huc</span> <span class='ocrx_word' id='word_1_113' title='bbox 824 2135 1058 2208; x_wconf 88' lang='lat' dir='ltr'>usque</span> <span class='ocrx_word' id='word_1_114' title='bbox 1143 2114 1509 2200; x_wconf 87' lang='lat' dir='ltr'>innotuit,</span> <span class='ocrx_word' id='word_1_115' title='bbox 1589 2111 1670 2188; x_wconf 92' lang='lat'>&amp;</span> <span class='ocrx_word' id='word_1_116' title='bbox 1719 2113 1918 2186; x_wconf 67' lang='lat' dir='ltr'>forte</span> <span class='ocrx_word' id='word_1_117' title='bbox 1974 2137 2112 2210; x_wconf 89' lang='lat' dir='ltr'>po-</span> 
     </span>
     <span class='ocr_line' id='line_1_20' title="bbox 190 2211 2110 2310; baseline -0.002 -19"><span class='ocrx_word' id='word_1_118' title='bbox 190 2217 343 2291; x_wconf 88' lang='lat' dir='ltr'>tius</span> <span class='ocrx_word' id='word_1_119' title='bbox 400 2215 473 2286; x_wconf 90' lang='lat' dir='ltr'>in</span> <span class='ocrx_word' id='word_1_120' title='bbox 528 2211 686 2288; x_wconf 86' lang='lat' dir='ltr'>casu</span> <span class='ocrx_word' id='word_1_121' title='bbox 742 2211 1113 2302; x_wconf 79' lang='lat' dir='ltr'>praesente</span> <span class='ocrx_word' id='word_1_122' title='bbox 1165 2212 1599 2307; x_wconf 86' lang='lat' dir='ltr'>addendus,</span> <span class='ocrx_word' id='word_1_123' title='bbox 1650 2237 1877 2310; x_wconf 87' lang='lat' dir='ltr'>quam</span> <span class='ocrx_word' id='word_1_124' title='bbox 1943 2213 2110 2288; x_wconf 91' lang='lat' dir='ltr'>sub-</span> 
     </span>
    </p>
   </div>
   <div class='ocr_carea' id='block_1_4' title="bbox 198 2313 795 2397">
    <p class='ocr_par' dir='ltr' id='par_1_5' title="bbox 198 2313 795 2397">
     <span class='ocr_line' id='line_1_21' title="bbox 198 2313 795 2397; baseline 0 -1"><span class='ocrx_word' id='word_1_125' title='bbox 198 2313 613 2397; x_wconf 86' lang='lat' dir='ltr'>trahendus</span> <span class='ocrx_word' id='word_1_126' title='bbox 672 2313 795 2396; x_wconf 92' lang='lat' dir='ltr'>est.</span> 
     </span>
    </p>
   </div>
   <div class='ocr_carea' id='block_1_5' title="bbox 178 2465 2112 3785">
    <p class='ocr_par' dir='ltr' id='par_1_6' title="bbox 178 2465 2112 3785">
     <span class='ocr_line' id='line_1_22' title="bbox 354 2465 2106 2568; baseline -0.002 -23"><span class='ocrx_word' id='word_1_127' title='bbox 354 2468 434 2545; x_wconf 90' lang='lat' dir='ltr'>S1</span> <span class='ocrx_word' id='word_1_128' title='bbox 481 2468 637 2543; x_wconf 89' lang='lat' dir='ltr'>auri</span> <span class='ocrx_word' id='word_1_129' title='bbox 673 2465 1152 2568; x_wconf 86' lang='lat' dir='ltr'>portiuncula</span> <span class='ocrx_word' id='word_1_130' title='bbox 1196 2465 1830 2567; x_wconf 72' lang='lat' dir='ltr'>compositionem</span> <span class='ocrx_word' id='word_1_131' title='bbox 1879 2467 2106 2542; x_wconf 86' lang='lat' dir='ltr'>intra·</span> 
     </span>
     <span class='ocr_line' id='line_1_23' title="bbox 184 2566 2107 2671; baseline -0.003 -23"><span class='ocrx_word' id='word_1_132' title='bbox 184 2590 351 2660; x_wconf 84' lang='lat' dir='ltr'>ret,</span> <span class='ocrx_word' id='word_1_133' title='bbox 402 2589 607 2643; x_wconf 86' lang='lat' dir='ltr'>tanta</span> <span class='ocrx_word' id='word_1_134' title='bbox 658 2568 834 2646; x_wconf 88' lang='lat' dir='ltr'>inde</span> <span class='ocrx_word' id='word_1_135' title='bbox 894 2570 1224 2671; x_wconf 81' lang='lat' dir='ltr'>gravitas</span> <span class='ocrx_word' id='word_1_136' title='bbox 1267 2568 1629 2669; x_wconf 72' lang='lat' dir='ltr'>explicati</span> <span class='ocrx_word' id='word_1_137' title='bbox 1683 2566 2107 2668; x_wconf 80' lang='lat' dir='ltr'>poffet‚sed</span> 
     </span>
     <span class='ocr_line' id='line_1_24' title="bbox 186 2666 2108 2771; baseline -0.001 -26"><span class='ocrx_word' id='word_1_138' title='bbox 186 2672 541 2770; x_wconf 85' lang='lat' dir='ltr'>quamvis</span> <span class='ocrx_word' id='word_1_139' title='bbox 592 2670 747 2749; x_wconf 84' lang='lat' dir='ltr'>fere</span> <span class='ocrx_word' id='word_1_140' title='bbox 797 2668 1094 2771; x_wconf 84' lang='lat' dir='ltr'>semper</span> <span class='ocrx_word' id='word_1_141' title='bbox 1152 2668 1375 2762; x_wconf 78' lang='lat' dir='ltr'>absit,</span> <span class='ocrx_word' id='word_1_142' title='bbox 1427 2671 1532 2745; x_wconf 90' lang='lat' dir='ltr'>uti</span> <span class='ocrx_word' id='word_1_143' title='bbox 1581 2691 1797 2745; x_wconf 82' lang='lat' dir='ltr'>antea</span> <span class='ocrx_word' id='word_1_144' title='bbox 1851 2666 2108 2744; x_wconf 85' lang='lat' dir='ltr'>obser·</span> 
     </span>
     <span class='ocr_line' id='line_1_25' title="bbox 186 2770 2106 2871; baseline -0.001 -23"><span class='ocrx_word' id='word_1_145' title='bbox 186 2773 543 2848; x_wconf 85' lang='lat' dir='ltr'>vavimus</span> <span class='ocrx_word' id='word_1_146' title='bbox 606 2772 699 2871; x_wconf 56' lang='grc' dir='ltr'>(ᾗ.</span> <span class='ocrx_word' id='word_1_147' title='bbox 752 2774 869 2862; x_wconf 88' lang='lat' dir='ltr'>V,</span> <span class='ocrx_word' id='word_1_148' title='bbox 932 2772 1068 2865; x_wconf 78' lang='lat' dir='ltr'>G),</span> <span class='ocrx_word' id='word_1_149' title='bbox 1120 2793 1376 2846; x_wconf 88' lang='lat' dir='ltr'>tamen</span> <span class='ocrx_word' id='word_1_150' title='bbox 1429 2770 1766 2868; x_wconf 87' lang='lat' dir='ltr'>ejusdem</span> <span class='ocrx_word' id='word_1_151' title='bbox 1818 2793 2106 2871; x_wconf 82' lang='lat' dir='ltr'>parteS‚</span> 
     </span>
     <span class='ocr_line' id='line_1_26' title="bbox 188 2870 2104 2973; baseline 0 -24"><span class='ocrx_word' id='word_1_152' title='bbox 188 2882 333 2970; x_wconf 81' lang='lat'>36,</span> <span class='ocrx_word' id='word_1_153' title='bbox 384 2870 569 2947; x_wconf 88' lang='lat' dir='ltr'>ferri</span> <span class='ocrx_word' id='word_1_154' title='bbox 616 2885 717 2968; x_wconf 83' lang='lat'>48</span> <span class='ocrx_word' id='word_1_155' title='bbox 770 2874 850 2951; x_wconf 91' lang='lat'>&amp;</span> <span class='ocrx_word' id='word_1_156' title='bbox 906 2875 1123 2973; x_wconf 85' lang='lat' dir='ltr'>cupri</span> <span class='ocrx_word' id='word_1_157' title='bbox 1182 2900 1211 2947; x_wconf 91' lang='lat'>1</span> <span class='ocrx_word' id='word_1_158' title='bbox 1280 2873 1460 2973; x_wconf 85' lang='lat' dir='ltr'><strong>igne</strong></span> <span class='ocrx_word' id='word_1_159' title='bbox 1499 2870 1982 2947; x_wconf 82' lang='lat' dir='ltr'>confudimus</span> <span class='ocrx_word' id='word_1_160' title='bbox 2023 2873 2104 2949; x_wconf 88' lang='lat' dir='ltr'>in</span> 
     </span>
     <span class='ocr_line' id='line_1_27' title="bbox 184 2971 2106 3077; baseline 0.001 -30"><span class='ocrx_word' id='word_1_161' title='bbox 184 2974 629 3077; x_wconf 85' lang='lat' dir='ltr'>globulum,</span> <span class='ocrx_word' id='word_1_162' title='bbox 712 2977 839 3071; x_wconf 91' lang='lat' dir='ltr'>qui</span> <span class='ocrx_word' id='word_1_163' title='bbox 919 2976 1294 3077; x_wconf 83' lang='lat' dir='ltr'>gravitate</span> <span class='ocrx_word' id='word_1_164' title='bbox 1374 2976 1682 3070; x_wconf 89' lang='lat' dir='ltr'>quidem</span> <span class='ocrx_word' id='word_1_165' title='bbox 1751 2971 2106 3074; x_wconf 85' lang='lat' dir='ltr'>specifica</span> 
     </span>
     <span class='ocr_line' id='line_1_28' title="bbox 184 3074 2102 3177; baseline 0.001 -28"><span class='ocrx_word' id='word_1_166' title='bbox 184 3074 567 3177; x_wconf 84' lang='lat' dir='ltr'>gaudebat</span> <span class='ocrx_word' id='word_1_167' title='bbox 645 3088 955 3169; x_wconf 82' lang='lat'>8‚8571‚</span> <span class='ocrx_word' id='word_1_168' title='bbox 1033 3074 1253 3150; x_wconf 83' lang='lat' dir='ltr'>acido</span> <span class='ocrx_word' id='word_1_169' title='bbox 1310 3095 1558 3151; x_wconf 90' lang='lat' dir='ltr'>autem</span> <span class='ocrx_word' id='word_1_170' title='bbox 1609 3075 1789 3154; x_wconf 84' lang='lat' dir='ltr'>nitri</span> <span class='ocrx_word' id='word_1_171' title='bbox 1832 3098 2102 3175; x_wconf 90' lang='lat' dir='ltr'>parum</span> 
     </span>
     <span class='ocr_line' id='line_1_29' title="bbox 182 3174 2102 3279; baseline -0.001 -26"><span class='ocrx_word' id='word_1_172' title='bbox 182 3174 622 3253; x_wconf 83' lang='lat' dir='ltr'>solvebatur</span> <span class='ocrx_word' id='word_1_173' title='bbox 650 3226 671 3264; x_wconf 84' lang='lat'>‚</span> <span class='ocrx_word' id='word_1_174' title='bbox 710 3197 782 3253; x_wconf 84' lang='lat' dir='ltr'>at</span> <span class='ocrx_word' id='word_1_175' title='bbox 810 3176 979 3279; x_wconf 88' lang='lat' dir='ltr'>post</span> <span class='ocrx_word' id='word_1_176' title='bbox 1028 3200 1321 3251; x_wconf 87' lang='lat' dir='ltr'>moram</span> <span class='ocrx_word' id='word_1_177' title='bbox 1365 3174 1681 3249; x_wconf 83' lang='lat' dir='ltr'>duarum</span> <span class='ocrx_word' id='word_1_178' title='bbox 1735 3176 2102 3253; x_wconf 84' lang='lat' dir='ltr'>horarum</span> 
     </span>
     <span class='ocr_line' id='line_1_30' title="bbox 180 3274 2103 3354; baseline -0.001 -1"><span class='ocrx_word' id='word_1_179' title='bbox 180 3281 269 3353; x_wconf 87' lang='lat' dir='ltr'>in</span> <span class='ocrx_word' id='word_1_180' title='bbox 320 3274 707 3351; x_wconf 88' lang='lat' dir='ltr'>menstruo</span> <span class='ocrx_word' id='word_1_181' title='bbox 750 3300 1006 3352; x_wconf 85' lang='lat' dir='ltr'>aurum</span> <span class='ocrx_word' id='word_1_182' title='bbox 1055 3275 1219 3354; x_wconf 88' lang='lat' dir='ltr'>visu</span> <span class='ocrx_word' id='word_1_183' title='bbox 1262 3274 1852 3351; x_wconf 84' lang='lat' dir='ltr'>discernendum</span> <span class='ocrx_word' id='word_1_184' title='bbox 1887 3301 2103 3352; x_wconf 88' lang='lat' dir='ltr'>mon·</span> 
     </span>
     <span class='ocr_line' id='line_1_31' title="bbox 178 3374 2098 3467; baseline -0.002 -13"><span class='ocrx_word' id='word_1_185' title='bbox 178 3375 487 3467; x_wconf 87' lang='lat' dir='ltr'>stravit,</span> <span class='ocrx_word' id='word_1_186' title='bbox 551 3378 631 3453; x_wconf 73' lang='grc' dir='ltr'>ἃ,</span> <span class='ocrx_word' id='word_1_187' title='bbox 680 3374 902 3454; x_wconf 86' lang='lat' dir='ltr'>alkali</span> <span class='ocrx_word' id='word_1_188' title='bbox 959 3380 1247 3457; x_wconf 81' lang='lat' dir='ltr'>volatili</span> <span class='ocrx_word' id='word_1_189' title='bbox 1300 3402 1461 3452; x_wconf 88' lang='lat' dir='ltr'>non</span> <span class='ocrx_word' id='word_1_190' title='bbox 1503 3376 1637 3453; x_wconf 76' lang='lat' dir='ltr'>nisi</span> <span class='ocrx_word' id='word_1_191' title='bbox 1687 3376 2098 3455; x_wconf 62' lang='lat' dir='ltr'>fuscosfer-</span> 
     </span>
     <span class='ocr_line' id='line_1_32' title="bbox 179 3475 2100 3583; baseline -0.002 -26"><span class='ocrx_word' id='word_1_192' title='bbox 179 3480 593 3583; x_wconf 84' lang='lat' dir='ltr'>rugineum</span> <span class='ocrx_word' id='word_1_193' title='bbox 650 3504 990 3579; x_wconf 82' lang='lat' dir='ltr'>praeceps</span> <span class='ocrx_word' id='word_1_194' title='bbox 1045 3482 1255 3557; x_wconf 82' lang='lat' dir='ltr'>dedit</span> <span class='ocrx_word' id='word_1_195' title='bbox 1307 3475 1860 3566; x_wconf 87' lang='lat' dir='ltr'>sedimentum,</span> <span class='ocrx_word' id='word_1_196' title='bbox 1911 3481 1988 3555; x_wconf 86' lang='lat' dir='ltr'>in</span> <span class='ocrx_word' id='word_1_197' title='bbox 2045 3480 2100 3553; x_wconf 87' lang='lat' dir='ltr'>i-</span> 
     </span>
     <span class='ocr_line' id='line_1_33' title="bbox 179 3578 2112 3681; baseline -0.002 -29"><span class='ocrx_word' id='word_1_198' title='bbox 179 3600 339 3681; x_wconf 85' lang='lat' dir='ltr'>gne</span> <span class='ocrx_word' id='word_1_199' title='bbox 388 3600 762 3679; x_wconf 80' lang='lat' dir='ltr'>praeterea</span> <span class='ocrx_word' id='word_1_200' title='bbox 825 3581 1006 3657; x_wconf 83' lang='lat' dir='ltr'>ferri</span> <span class='ocrx_word' id='word_1_201' title='bbox 1072 3578 1305 3657; x_wconf 85' lang='lat' dir='ltr'>exusti</span> <span class='ocrx_word' id='word_1_202' title='bbox 1374 3579 1699 3655; x_wconf 86' lang='lat' dir='ltr'>induens</span> <span class='ocrx_word' id='word_1_203' title='bbox 1774 3580 2112 3673; x_wconf 63' lang='lat' dir='ltr'>faciem,</span> 
     </span>
     <span class='ocr_line' id='line_1_34' title="bbox 178 3679 2031 3785; baseline -0.001 -28"><span class='ocrx_word' id='word_1_204' title='bbox 178 3679 457 3782; x_wconf 88' lang='lat' dir='ltr'>quibus</span> <span class='ocrx_word' id='word_1_205' title='bbox 511 3679 821 3785; x_wconf 76' lang='lat' dir='ltr'>singulis</span> <span class='ocrx_word' id='word_1_206' title='bbox 872 3683 964 3759; x_wconf 90' lang='lat' dir='ltr'>ab</span> <span class='ocrx_word' id='word_1_207' title='bbox 1000 3683 1256 3759; x_wconf 88' lang='lat' dir='ltr'>indole</span> <span class='ocrx_word' id='word_1_208' title='bbox 1305 3680 1584 3757; x_wconf 88' lang='lat' dir='ltr'>niccoli</span> <span class='ocrx_word' id='word_1_209' title='bbox 1633 3679 2031 3784; x_wconf 80' lang='lat' dir='ltr'>discrepat.</span> 
     </span>
    </p>
   </div>
   <div class='ocr_carea' id='block_1_6' title="bbox 1996 3776 2098 3881">
    <p class='ocr_par' dir='ltr' id='par_1_7' title="bbox 1996 3776 2098 3881">
     <span class='ocr_line' id='line_1_35' title="bbox 1996 3776 2098 3881; baseline 0 -25"><span class='ocrx_word' id='word_1_210' title='bbox 1996 3776 2098 3881; x_wconf 81' lang='lat' dir='ltr'>B)</span> 
     </span>
    </p>
   </div>
  </div>
 </body>
</html>
