2760 4749
704 284 710 318 ·'
762 319 772 329 -
879 268 1008 399 De
1055 266 1466 384 Arsenim.
1812 269 1816 274 ’
1989 291 2144 380 3οξ

248 481 572 564 arsenici
641 481 928 576 odore,
986 485 1117 584 qui
1162 489 1416 560 tamen
1469 506 1651 562 mox
1727 478 2046 584 prodit,
2097 476 2156 558 fi

248 584 693 690 phlogiston
741 586 1067 686 ignitum
1120 607 1243 660 eas
1284 587 1553 689 tangit.
1654 580 2159 686 Hydrargyri

254 694 339 764 in
391 687 673 764 eodem
721 687 919 763 nulla
970 698 1440 787 comparent
1473 681 1827 786 vestigia,
1880 705 2022 758 nec
2057 681 2157 758 al-

261 785 469 880 kali,
517 812 660 864 nec
708 811 970 888 cupro,
1076 785 1153 860 Si
1206 783 1482 862 adeffet
1555 786 1975 861 mercurius
2048 781 2160 858 su-

256 889 614 988 blimatus
644 947 667 981 ,
729 890 852 964 hic
900 886 1052 963 fine
1120 883 1354 961 dubio
1415 889 1496 962 in
1556 909 1743 986 aqua
1809 883 2160 978 restaret,

317 986 660 1089 ostquam
712 988 977 1066 eadem
1052 987 1468 1065 arsenicum
1549 985 2164 1089 praecipitaverit.

341 1087 533 1168 erra‘
564 1087 999 1190 ponderosa
1064 1087 1288 1164 acido
1359 1086 1523 1180 salis
1590 1087 1881 1181 soluta,
1943 1085 2032 1164 &·
2073 1083 2160 1160 li·

250 1193 484 1294 quori
536 1189 794 1268 nostro
850 1189 1239 1284 instillata,
1309 1189 1638 1280 nullam,
1719 1207 1816 1266 ne
1897 1183 2163 1264 leviffi·

256 1317 465 1369 mam
517 1292 822 1391 quidem
855 1289 1081 1367 efficit
1119 1293 1836 1391 congrumationem
1866 1341 1892 1384 ,
1947 1289 2073 1368 hic
2103 1289 2164 1367 i·

256 1387 483 1494 taque
538 1394 753 1472 acido
801 1393 1089 1469 vitrioli
1146 1395 1448 1495 penitus
1499 1411 1702 1469 caret
1748 1393 1871 1492 m).

413 1645 531 1722 Ex
593 1643 825 1722 allatis
876 1666 1081 1746 patet
1127 1644 1506 1746 liquorem
1551 1642 2166 1749 supernatantem

265 1746 463 1838 nihil
515 1746 661 1824 ess'e
714 1747 955 1844 aliud,
1008 1771 1231 1845 quam
1284 1747 1637 1844 butyrum
1685 1747 1930 1849 magis
1981 1745 2172 1824 dilu-

264 1867 477 1942 tum,
513 1848 719 1947 quod
772 1849 873 1922 ob
924 1871 1189 1947 aquam
1244 1848 1692 1948 praesentem
1745 1847 2168 1929 arsenicum

262 1951 561 2050 parcius
609 1949 902 2048 recipit.
948 1961 952 1966 ’
1030 1947 1402 2051 Butyrum
1471 1949 1812 2026 continet
1865 1949 2170 2026 acidum

267 2047 1051 2144 concentratiffimum‚
1075 2051 1343 2148 maiori
1374 2050 1551 2128 ideo
1583 2049 1902 2127 arsenici
1933 2073 2170 2154 quan-

264 2154 476 2240 titate
539 2172 961 2228 oneratum.
1068 2151 1282 2238 Ptius
1334 2152 1581 2255 igitur‘
1617 2150 1989 2251 liquidum
2041 2174 2168 2228 co-

267 2251 543 2356 piofius
588 2250 1013 2343 obtinetur,
1059 2251 1114 2328 fi
1190 2250 1492 2330 miscela
1542 2254 1900 2336 mercurii
1951 2251 2174 2328 subli-

268 2354 458 2432 mati
504 2352 586 2430 ὅτ.
634 2351 951 2430 arsenici
998 2350 1399 2455 pernoctet
1447 2355 1530 2431 in
1581 2352 1814 2445 cella,
1866 2353 1990 2432 vel
2069 2373 2176 2432 et-

268 2458 419 2531 iam
470 2479 658 2553 aqua
711 2452 1224 2548 humestetur,
1279 2476 1680 2554 antequam
1737 2452 2176 2550 destillatio·

271 2559 355 2633 ni
405 2553 846 2643 subjiciatur.
950 2556 1206 2657 Qum
1263 2558 1560 2635 acidum
1619 2554 1786 2634 salis
1853 2554 2176 2661 vulgare

268 2676 433 2734 non
480 2655 616 2732 nifi
684 2655 1265 2735 determinatam
1330 2657 1594 2761 butyri
1676 2659 2178 2757 quantitatem

270 2758 580 2836 solvere
636 2780 905 2858 queat,
958 2758 1138 2835 hinc
1188 2756 1563 2859 sequitur,
1594 2757 1924 2855 utillud,
1961 2758 2176 2861 quod

270 2854 724 2938 saturatione
772 2860 1151 2963 completa
1191 2856 1598 2962 superest‚‚
1644 2857 2178 2941 admistionem

272 2962 597 3039 omnino
650 2959 967 3066 respuat.
1070 2961 1408 3039 Acidum
1465 2959 1630 3039 salis
1692 2964 1922 3039 nimis
1983 2962 2176 3064 dilu-

264 3084 433 3139 tum
486 3060 847 3166 butyrum
896 3062 1318 3166 praecipitat
1338 3120 1361 3153 ,
1423 3070 1576 3165 quo
1639 3085 1830 3141 vero
1900 3060 2178 3145 fortius

260 3186 367 3283 ep
420 3161 797 3263 majorem
869 3164 1209 3269 ejusdem
1266 3161 1558 3247 solvere
1635 3159 1882 3271 potest
1940 3188 2180 3269 quan:

264 3284 593 3347 citatem.

2005 3534 2174 3642 με,

356 3768 451 3849 n)
483 3764 701 3854 opusc.
745 3766 865 3837 vol.
909 3766 963 3837 1.
1001 3786 1142 3852 pag.
1193 3782 1341 3837 100·
