2760 4749
621 353 746 440 De
785 351 1100 464 fhrmis
1160 354 1757 482 Crystallorum.
2045 383 2079 444 1
2104 385 2139 454 ι

405 561 521 664 B)
577 571 940 659 MAJonEs
1013 566 1294 647 tesserae
1357 559 1723 669 spathosae
1796 567 2148 672 adcurate

261 667 751 746 confideratae
798 669 996 746 haud
1046 696 1222 748 raro
1264 669 1471 745 strias
1530 667 1935 748 secundum
1993 670 2147 748 dia·

261 772 578 871 gonales
633 769 1096 861 monstrant,
1155 797 1320 870 quae
1369 773 1595 848 etiam
1648 773 1722 848 in
1783 771 2147 876 crystallis

259 895 422 945 non
499 897 911 971 numquam
985 873 1228 948 salinis
1285 893 1769 972 comparent,
1827 895 1907 950 ut
1955 896 2146 952 mox

259 971 718 1146 gdebimus'
747 997 1152 1078 earumque
1185 972 1526 1074 produnt
1554 975 1926 1054 internam
1966 972 2148 1080 stru·

341 1098 614 1153 uram.·
1713 1121 1721 1126 ·

417 1225 510 1324 C)
581 1225 792 1300 Saus
843 1225 1195 1301 culinaris
1265 1224 1436 1304 cubi
1500 1250 1657 1301 non
1710 1224 2151 1330 diagonales

273 1347 606 1419 tantum,
693 1324 816 1400 sed
885 1329 1112 1402 etiam
1173 1325 1363 1427 firpe
1438 1329 1517 1401 in
1572 1330 1843 1424 quovis
1910 1329 2151 1406 latere

267 1425 630 1524 quadrata
679 1428 966 1502 extimo
1015 1428 1389 1525 parallela,
1438 1430 1842 1504 introrsum
1900 1451 2146 1506 autem

265 1533 626 1602 continue
709 1527 790 1604 &
869 1529 1120 1615 modo
1174 1528 1501 1632 regulari
1590 1528 2149 1632 decrescentia,

262 1629 425 1730 (fig.
481 1631 568 1725 6)
626 1628 1029 1718 exhibent,
1105 1631 1439 1712 internae,
1478 1633 1869 1733 compagis
1926 1627 2151 1704 vesti-

267 1732 408 1832 gia.
533 1729 871 1830 Qilibet
927 1755 1264 1830 namque
1338 1731 1566 1806 cubus
1634 1735 1763 1806 lex
1824 1754 2148 1830 compo-

270 1834 475 1906 nitur
529 1830 1054 1932 pyramidibus
1103 1831 1637 1931 quadrangulis
1688 1836 1933 1917 cavis‚
1990 1855 2028 1905 a
2090 1833 2145 1905 i·

269 1932 479 2008 cibus
531 1932 613 2008 δι
662 1954 976 2008 externa
1023 1929 1411 2032 superficie
1462 1936 1768 2023 coalitis²
1814 1955 1979 2031 quae
2034 1957 2145 2010 ln·

271 2033 492 2134 gulae,
523 2030 1046 2132 pyramidibus
1097 2033 1451 2110 limilibus
1477 2034 1557 2112 ὃς
1594 2033 1964 2138 gradatim
2009 2034 2146 2108 mi·

271 2135 586 2210 notibus
627 2132 980 2234 oppletae,
1031 2135 1336 2215 tandem
1371 2135 1698 2216 formam
1728 2136 2149 2234 perficiunt.

272 2235 722 2338 Pyramides
765 2233 1192 2339 segregatas
1231 2237 1409 2340 (fig.
1440 2247 1537 2330 7),
1568 2239 1899 2334 itemque
1946 2240 2151 2311 circa

275 2358 622 2415 centrum
679 2336 808 2415 sex
863 2338 1335 2428 coadunatas,
1392 2359 1609 2413 cavas
1658 2339 1779 2411 vel
1826 2337 1985 2431 plus
2018 2335 2152 2411 mi-

275 2460 414 2511 nus
470 2436 794 2529 solidas,
864 2435 1013 2514 hoc
1075 2436 1176 2513 est
1231 2456 1466 2517 totam
1520 2438 1983 2537 operationis
2037 2434 2150 2511 se·

273 2542 520 2630 riem,
579 2564 622 2614 a
677 2540 944 2637 primis
1006 2539 1456 2615 rudimentis
1516 2538 1610 2613 ad
1684 2536 2150 2634 completum

272 2664 506 2739 opu5‚
544 2638 749 2738 ,justo
799 2642 1362 2741 evaporationis
1416 2638 1655 2741 gradu
1710 2636 1909 2711 haud
1964 2634 2154 2711 diffi-

273 2740 516 2815 culter
569 2738 965 2838 adquirere
1021 2740 1218 2820 licet.
1319 2740 1531 2816 Idem
1586 2736 1986 2816 evidenter
2032 2762 2155 2815 va·

275 2842 380 2915 let
435 2842 532 2915 de
587 2840 810 2917 alkali
872 2840 1266 2938 vegetabili
1319 2838 1575 2932 salito,
1646 2838 1852 2937 quod
1911 2838 2152 2941 vulgo

275 2940 397 3019 Sal
427 2941 834 3043 digestivus
863 2944 1108 3045 Sylvii
1149 2943 1376 3033 audit,
1396 2941 1488 3017 de
1514 2963 1835 3041 argento
1873 2962 2155 3017 corneo

277 3044 711 3145 crystallino
782 3043 907 3143 d),
964 3047 1202 3119 immo
1271 3046 1496 3118 eriam
1559 3042 1657 3117 de
1708 3041 1971 3144 galena
2028 3040 2155 3116 seu

275 3146 598 3245 plumbo
635 3142 1098 3245 sulphurato,
1155 3168 1317 3243 quae
1367 3141 1725 3227 Fahlunae
1770 3143 1851 3215 in
1894 3166 2154 3217 cumu-

277 3248 372 3321 lis
425 3245 555 3321 sub
611 3244 743 3318 dio
798 3244 1102 3349 frigide,
1155 3268 1232 3319 ut
1283 3244 1591 3336 dicitur,
1644 3240 1997 3331 ustulatis,
2041 3248 2152 3317 re·

280 3348 631 3451 generari
720 3343 926 3421 solet.
1063 3346 1379 3420 Nitrum‘
1452 3346 1683 3419 etiam
1774 3342 2153 3441 quadran-

279 3449 582 3551 gulare,
636 3446 843 3545 quod
896 3445 1245 3548 spathosa
1293 3444 1569 3547 gaudet
1622 3442 1905 3545 figura,
1960 3441 2157 3518 fimi-

277 3552 435 3661 lem
483 3548 979 3651 pyramidum
1037 3548 1481 3649 congeriem
1538 3544 1825 3648 prodit,
1878 3542 1957 3622 δε
1981 3545 2155 3720 c<ilui-

2038 3663 2165 3727 em

363 3838 559 3918 dyc,
599 3839 679 3905 H.
711 3836 971 3899 Leman
1014 3852 1174 3931 vom·
1191 3836 1523 3896 Hornertz'e.
