2760 4749
991 289 1116 384 De
1178 293 1534 386 Niccolo.
1925 252 1931 258 ι
2056 301 2226 410 269

302 501 973 612 dum-formicarum
1026 510 1309 588 calcem
1365 511 1622 612 nuper'
1679 510 2227 616 praecipitatam

306 607 609 686 diutina
656 605 731 686 di
796 607 1076 688 estione
1117 614 1239 689 vel
1275 612 1724 690 decoffione
1755 609 2222 715 adgreditur,

304 729 494 785 nam
537 713 724 810 liqui
782 737 911 788 um
957 713 1260 790 virescit
1318 714 1992 816 &evaporatione
2051 741 2221 818 cry·
2326 783 2330 795 ,

302 808 561 889 stallos
616 813 937 890 saturate
996 815 1271 892 tinctas·
1340 816 1696 916 deponit,
1767 817 2222 918 hemisphae-

304 913 552 1008 ricaS‚
595 913 996 992 filamentis
1051 939 1091 990 e
1162 937 1425 992 centro
1497 918 1959 1012 radiantibus
2044 941 2220 993 coa-

304 1036 778 1114 gmentataS,
811 1015 1271 1116 perlucidas,
1308 1043 1474 1117 quae
1525 1016 1869 1120 spiritum
1919 1020 2081 1094 vini
2111 1041 2220 1094 re·

303 1117 589 1215 spuunt
636 1116 716 1193 ἃ,
767 1115 1007 1218 ipsam
1046 1142 1313 1218 aquam
1380 1119 1516 1194 vix
1569 1118 1970 1196 nist-acido
2006 1143 2217 1196 acua-

300 1236 467 1292 tam
518 1214 855 1293 subeunt.
958 1217 1215 1297 Saccus
1284 1223 1459 1294 citri
1524 1221 1608 1296 in
1659 1221 2044 1297 niccolum
2103 1224 2218 1296 ni·

298 1316 415 1392 hil
466 1321 791 1394 omnino
848 1342 1077 1424 agere
1124 1319 1321 1405 visus
1375 1318 1502 1397 est.
1965 1385 1972 1392 .

454 1419 743 1497 OMNJA
800 1419 1012 1496 acida
1056 1418 1565 1497 saturatiffima
1638 1421 2019 1498 viriditate
2063 1423 2212 1496 tin-

298 1541 590 1626 guntur
622 1577 646 1614 ‚
696 1519 776 1596 &
828 1524 986 1597 haec
1036 1521 1345 1598 facultas
1394 1547 1758 1624 perquam
1813 1521 2034 1598 fortis
2064 1520 2212 1617 est,

294 1649 477 1699 curn
524 1625 816 1723 primus
866 1625 1164 1726 regulus
1216 1622 1312 1722 (§.
1367 1625 1514 1720 11),
1568 1648 1778 1722 aeque
1833 1648 1918 1696 ac
1973 1625 2209 1697 maxi-

296 1747 431 1800 me
482 1723 886 1824 depuratus
918 1777 941 1816 ,
994 1722 1265 1800 fimiles
1318 1723 1677 1800 exhibeat
1737 1721 2210 1808 infestionest

292 1825 487 1901 tales
539 1823 820 1901 coloris
870 1823 1159 1900 divitiae
1216 1826 1518 1926 ingenti
1566 1828 1899 1900 materiae
1973 1849 2210 1923 quan..

292 1928 493 2004 titati
545 1926 627 2003 in
677 1950 920 2028 parvo
971 1923 1363 2003 volumine
1416 1927 1607 2002 bene
1639 1948 2098 2031 congruunt.

453 2080 748 2155 ΑικΑιι
792 2076 1080 2154 volatile
1122 2080 1504 2155 niceolum
1577 2079 1899 2156 caeruleo
1975 2078 2204 2184 solvit

288 2179 603 2274 colore,
664 2179 904 2256 fixum
955 2199 1201 2256 autem
1255 2173 1500 2274 lute0,
1555 2181 1635 2259 &
1668 2181 1974 2280 quidem
2027 2206 2202 2282 par-

290 2279 601 2357 ciffime.

452 2384 555 2479 C)
637 2383 817 2485 QJo
889 2385 1197 2483 purius,
1266 2406 1362 2459 eo
1429 2382 1757 2477 funditur
1829 2382 2200 2462 difficilius

288 2480 727 2573 niceolum,
778 2483 968 2560 adeo
1021 2505 1103 2559 ut
1182 2483 1639 2585 puriffimUS‚
1701 2508 1927 2583 quem
2001 2484 2198 2561 obti-

288 2590 631 2679 nuimuS,
685 2584 989 2688 regulus
1043 2584 1397 2661 eumdem
1441 2584 1685 2661 ferme
1720 2586 1990 2661 caloris
2023 2611 2196 2689 gra-

288 2688 478 2763 dum
553 2690 921 2785 requirat,
976 2711 1061 2761 ac
1118 2686 1407 2761 ferrum
1463 2685 1758 2762 cusum.¹
1859 2686 2060 2763 Cum
2121 2712 2194 2764 a·

282 2788 408 2864 liis
460 2790 778 2865 metallis
840 2786 1040 2863 haud
1121 2784 1423 2863 difficile
1491 2787 2000 2887 colliquescit,
2062 2813 2192 2890 pe-

286 2892 509 2991 nuria
554 2914 743 2966 vero
795 2888 1015 2979 huius
1067 2892 1396 2965 materiae
1446 2914 1602 2965 non
1659 2888 2038 2991 permisit,
2111 2912 2194 2971 ut
2239 2986 2244 2991 ,

280 2990 574 3095 fingula
630 2992 801 3067 heic
852 2991 1081 3065 obvia
1138 2991 1652 3091 phaenomena
1723 2995 2192 3068 examinare-

282 3116 476 3175 mus.
584 3092 675 3168 In
716 3114 999 3197 genere
1060 3112 1351 3168 tantum
1419 3114 1798 3193 notamus·
1837 3093 2192 3195 regulum

278 3195 673 3296 impurum
733 3216 1207 3293 nequaquam
1263 3217 1436 3270 cum
1490 3209 1784 3295 argento
1834 3195 2044 3295 poise
2107 3220 2190 3272 u-

280 3294 756 3396 niri,·quod
808 3297 1109 3371 cobalto
1160 3292 1712 3373 inhaerenti-est
1764 3294 2190 3375 adscriben-

276 3396 518 3489 dum,
564 3422 744 3475 narn
798 3420 892 3475 eo
946 3396 1144 3473 bene
1194 3396 1551 3474 liberatus
1603 3396 1965 3475 facillime
2052 3422 2188 3475 no·

277 3497 420 3573 bili
472 3498 775 3575 metallo
806 3501 887 3575 in
940 3500 1448 3600 proportione
1477 3502 1764 3575 anatica
1807 3498 2188 3575 immisce-

274 3619 463 3693 tur,
518 3601 797 3700 absque
851 3600 1582 3683 notabilialbedinis
1634 3600 1759 3677 vel
1823 3598 2188 3676 dustilita·

279 3704 379 3779 tis
430 3704 943 3780 detrimento:
1032 3704 1195 3780 haec
1259 3704 1586 3779 mixtura
1656 3727 1829 3783 curn
1905 3704 2181 3875 bot-facse

847 3824 856 3835 ·
2060 3826 2105 3875 u
2145 3826 2182 3875 a
