2760 4749
641 368 675 430 1
692 369 739 428 2
1023 337 1148 426 De
1187 337 1499 452 jbrmis
1558 338 2153 455 Crystallorum.

627 548 808 629 dem
865 575 1076 654 aeque
1147 550 1307 628 fere
1379 549 1721 628 distinete
1757 611 1780 644 ‚
1853 579 1938 629 ac
1990 551 2499 655 praecedentes

629 649 956 756 crystalli
1021 653 1326 728 cubicae.
1369 707 1378 718 .
1428 653 1807 730 Aluminis
1873 653 2188 750 soluti0,
2258 679 2500 752 vapo-

624 753 868 832 rando
922 755 1004 830 in
1069 754 1354 830 aretum
1416 753 1706 848 εόειξὶα,
1776 754 2125 832 οὲὶειὲἀτα
2188 758 2501 854 quidem

623 857 1066 958 plenumque
1141 857 1389 959 gignit
1454 853 1725 948 solida,
1804 856 2183 932 interdum
2242 877 2500 932 tamen

623 957 838 1033 fimul
920 959 1362 1058 pyramides
1448 979 1667 1032 cavas
1740 959 2116 1060 porrigit,
2200 953 2501 1059 saepius·

625 1080 771 1158 que
820 1057 1201 1157 june'curas
1252 1056 1591 1133 indicent
1648 1058 1865 1136 lineae
1928 1057 2357 1160 conspicuae
2414 1060 2498 1134 in

625 1159 1048 1260 completis,
2067 1196 2075 1202 ·
2502 1165 2507 1168 ’

775 1309 898 1412 D)
953 1312 1128 1388 Am
1188 1333 1487 1410 quoque
1536 1310 1717 1388 sales
1775 1334 1917 1412 per
1976 1311 2297 1389 vifibiles
2344 1311 2498 1388 dia·

677 1412 933 1488 onales
982 1413 1354 1488 interdum
1397 1411 1738 1489 eamdem
1782 1412 2118 1490 indicant
2168 1411 2498 1488 constru-

699 1516 977 1590 ionem.
1031 1513 1179 1612 Qui
1230 1513 1598 1614 Seignetti
1636 1515 1833 1616 gerit
1864 1539 2141 1590 nomen
2175 1513 2495 1616 prisma-

617 1635 694 1691 te
749 1613 1022 1717 gaudet
1083 1615 1541 1716 hexagono,
1618 1615 1825 1713 cujus
1892 1615 2299 1694 sestionem
2361 1639 2493 1690 ex·

615 1715 830 1793 hibet
895 1715 1026 1818 fig.
1083 1729 1150 1803 8.
1307 1715 1463 1790 Hic
1536 1715 1981 1816 completus,
2042 1743 2194 1814 quo
2250 1715 2494 1790 modo

614 1818 1016 1892 interiores
1067 1815 1431 1891 ordinatae
1476 1816 1754 1892 fuerint
1788 1819 2195 1918 particulae,
2237 1820 2523 1912 omni·⁸

615 1942 722 1993 no
751 1916 964 2008 celat,
1012 1915 1191 1991 dum
1223 1940 1412 1991 vero
1456 1921 1534 1992 in
1568 1917 1809 1996 fundo
1835 1918 2353 2019 procumbens
2378 1918 2493 2021 gi-

611 2020 911 2120 gnitur,
967 2016 1308 2093 infimum
1349 2019 1531 2093 latus
1550 2018 2489 2124 complerinequit(fig.9)‚

605 2119 696 2196 &
727 2117 875 2194 hoe
905 2143 1254 2194 mancum
1298 2119 2113 2221 parallelogrammum*
2140 2117 2490 2194 distinete

609 2217 978 2296 monstrat
1027 2219 1463 2322 diagonales
1521 2220 1677 2324 (fig.
1742 2223 1884 2322 ιο).
1990 2221 2347 2296 Similiter
2410 2213 2489 2295 se

609 2320 834 2398 habet
887 2321 1003 2397 Sal
1069 2344 1166 2399 ex
1231 2322 1443 2399 urina
1506 2323 1831 2399 humana
1882 2319 2282 2414 εοΙΙεὲὶιις,
2351 2322 2488 2419 qui

607 2422 1226 2501 microcosmicus
1286 2422 1435 2497 dici
1488 2415 1713 2499 solen*
1800 2428 2167 2499 Praeterea
2230 2420 2489 2498 obser·

607 2548 831 2603 vetur
885 2544 1193 2625 oportet
1242 2525 1793 2626 triangulorum
1841 2524 2314 2600 verticalium
2379 2523 2483 2602 al-

605 2650 850 2704 terum
903 2650 1041 2723 par
1099 2624 1569 2724 perlucidum
1632 2622 1824 2714 effe,
1894 2624 2209 2701 alterum
2282 2646 2482 2700 vero

604 2728 774 2828 plus
823 2728 1069 2800 minus
1119 2730 1464 2825 opacum,
1522 2724 1724 2823 quod
1776 2724 2327 2801 elementorum
2364 2724 2479 2800 di-

603 2825 906 2901 versum
977 2824 1177 2901 haud
1248 2823 1473 2901 dubie
1544 2824 1794 2897 innuit
1848 2827 2079 2903 fitum.
2195 2826 2480 2902 Habeo

603 2950 906 3025 quoque
958 2922 1346 3027 crystall'os
1407 2926 1585 2999 nitri
1633 2923 2153 3025 diagonalibtis
2207 2925 2481 3002 itidem

599 3026 1014 3116 diffinitas,
1079 3051 1258 3123 quas
1305 3028 1385 3099 in
1418 3025 1575 3099 aliis
1619 3025 1905 3113 araim&
1936 3028 2478 3131 particularum

599 3130 900 3227 coalitio
950 3127 1396 3228 plerumque
1442 3129 1781 3203 occultat.

751 3279 854 3379 Ε)
916 3281 994 3356 St
1048 3279 1349 3355 ulterius
1452 3282 1737 3381 yramis
1796 3278 2136 3379 quaedam
2205 3281 2517 3357 muriae·

595 3406 776 3459 cava
821 3379 1350 3467 confideratur‚
1392 3306 1553 3459 ἕως
1609 3402 1921 3479 quatum·
1976 3380 2475 3485 comppnitu'r

573 3468 1023 3584 *trianguliffi
1085 3478 1165 3559 δε
1233 3482 1508 3559 horum
1564 3480 1889 3583 quodvis
1942 3481 2086 3558 filis
2141 3480 2290 3557 bafi
2338 3508 2497 3581 pa·-

589 3582 865 3665 rallelis
894 3641 914 3674 ‚
964 3608 1128 3683 quae
1181 3606 1370 3659 vero
1416 3580 1759 3660 adcurate
1807 3584 2231 3661 examinata
2278 3584 2473 3659 nihil

587 3685 786 3767 aliud
864 3681 1009 3763 effe
1082 3686 1607 3791 reperiuntur,
1694 3708 1921 3790 quam
2003 3686 2471 3873 exiguorgm

917 3812 924 3819 “
2233 3808 2323 3869 Cu
2382 3811 2466 3865 0·
