2760 4749
690 361 848 443 252
1350 324 1476 420 De'
1533 327 1891 422 Nic-colo.

680 541 919 645 duplo
966 539 1129 620 salis
1174 543 1632 620 ammoniaci
1676 539 2103 632 sublimata,
2157 541 2438 624 eodem
2494 565 2571 617 ac

680 643 763 718 in
814 642 1274 744 praecedenti
1334 644 1534 744 ignis
1623 640 1810 724 tadu
1835 697 1856 735 ,
1913 638 2148 742 (quod
2195 644 2428 723 etiam
2483 645 2571 718 de

684 742 1165 844 sequentibus
1218 746 1412 822 valet
1433 745 1484 840 ‚)
1567 741 1852 826 undum
1883 743 2188 844 sphaerae
2233 742 2573 820 reddidit

679 843 1267 944 hyacinthinum
1322 844 1404 920 δι
1453 845 1680 923 flores
1731 845 2056 944 praebuit
2119 840 2525 920 albiffimos
2551 870 2574 940 3

680 943 813 1024 sed
860 945 1233 1026 residuum
1284 943 1498 1022 fusco
1548 942 2070 1050 ferrugineum
2100 997 2124 1042 ‚
2191 941 2288 1026 ad
2345 946 2576 1024 latera

682 1043 1005 1148 superne
1054 1042 1461 1126 virescens,

830 1193 919 1294 C)
992 1197 1279 1276 Stant
1345 1195 1729 1281 inferioris
1803 1197 2148 1306 portioni
2249 1193 2580 1276 reduaae

681 1295 1152 1375 addebantur
1200 1321 1299 1376 20
1344 1321 1594 1398 partes
1643 1297 1806 1375 salis
1855 1299 2362 1390 ammoniaci,
2419 1298 2577 1398 qui·

676 1399 819 1478 bus
880 1399 959 1474 in
1011 1397 1179 1480 vase
1240 1420 1531 1477 retorto
1577 1397 1887 1478 elevatis
1917 1453 1938 1492 ,
2006 1400 2404 1482 immutato
2454 1421 2576 1474 co-

678 1503 843 1578 lore
883 1556 905 1589 ,
954 1497 1269 1576 restabat
1316 1504 1562 1599 pulvis
1620 1499 2090 1606 nigrescenS‚
2140 1503 2272 1598 qui
2319 1501 2408 1575 in
2439 1498 2579 1575 cal·

680 1601 1063 1682 cinatione
1118 1599 1450 1697 vitidem
1492 1600 1574 1679 &
1629 1603 1715 1678 in
1767 1599 2316 1680 scarificatione
2387 1601 2580 1702 hya·

682 1701 1117 1781 cinthinurn
1198 1699 1556 1784 induebat
1643 1701 2032 1797 colorem,
2105 1723 2314 1806 aeque
2387 1726 2476 1778 ac
2527 1702 2578 1779 i·-

684 1801 815 1904 pse
866 1800 1161 1884 fundus.
1817 1845 1826 1852 ·

840 1951 943 2049 D)
992 1953 1328 2033 Putvmu
1400 1953 1479 2030 in
1539 1978 1932 2041 momento
1975 1955 2044 2030 C
2081 1951 2389 2046 relisto,
2449 1954 2580 2028 im-

679 2049 1125 2132 miscebatur
1180 2051 1492 2154 duplum
1542 2055 1708 2132 salis
1791 2055 2298 2148 ammoniaci,
2371 2054 2581 2158 quod

680 2150 1119 2232 albissimum
1175 2153 1448 2231 itefum
1520 2157 1599 2231 in
1643 2155 1956 2233 sublime
2011 2155 2450 2256 ferebatur,
2504 2153 2581 2236 &

679 2279 846 2358 quae
898 2251 1213 2331 restabat
1262 2247 1490 2338 maffa
1529 2233 1922 2346 'virescens
1986 2255 2178 2342 infra
2257 2255 2580 2366 ferrugi-
2725 2342 2727 2356 ,

676 2381 829 2439 neo
884 2353 1086 2438 fusca
1136 2355 1295 2442 fuit.
1387 2377 1394 2383 ·

857 2510 969 2601 E)
1018 2508 1207 2588 CUM
1265 2508 1559 2587 refiduo
1605 2514 1981 2591 momenti
2035 2511 2120 2588 D
2179 2509 2263 2589 &
2338 2509 2578 2612 duplo

680 2610 848 2691 salis
925 2611 1377 2691 ammoniaci
1459 2612 1788 2691 instituta
1854 2613 2284 2691 sublimatio
2367 2610 2579 2689 dedit

592 2747 597 2761 ·
675 2712 905 2789 flores
958 2710 1580 2811 ammoniacaleS,
1645 2737 1726 2799 ut
1794 2736 2052 2807 antea,
2130 2710 2578 2801 albiffimOS,

676 2814 758 2889 δι
795 2812 1168 2889 residuum
1216 2812 1782 2919 viridiffimum,
1833 2814 2016 2891 calci
2049 2813 2456 2889 niccolinae
2505 2837 2578 2887 ον

678 2915 950 2996 mnino
1002 2912 1288 3004 fimile,
1360 2918 1568 3014 quod
1620 2918 1702 2993 in
1755 2914 1975 2992 acido
2034 2914 2214 2989 nitri
2295 2914 2577 2991 eodem

674 3008 1103 3094 solvebatur
1154 3013 1416 3092 colore
1487 3014 1568 3099 ὃς
1631 3018 1709 3091 in
1772 3013 2214 3097 redustione
2298 3013 2580 3097 niccoli

671 3112 1116 3216 porrigebat
1151 3113 1505 3217 regulum,
1540 3115 1921 3211 albidum,
1974 3112 2380 3217 fragilem,
2431 3138 2581 3189 ma·

673 3216 883 3317 gnati
935 3236 1205 3317 parum
1260 3216 1772 3299 obedientem.

820 3378 913 3454 tu
950 3379 1215 3477 quavis
1247 3378 1772 3463 sublimatione
1813 3382 2029 3459 alkali
2069 3380 2388 3460 volatile
2419 3380 2580 3484 pri-

666 3504 925 3573 mum,
970 3476 1250 3556 deinde
1288 3482 1627 3562 verosal
1679 3485 2235 3574 ammonium,
2275 3482 2362 3560 δι
2416 3504 2581 3559 tan-

668 3579 843 3657 dem
922 3578 1332 3679 quidquam
1404 3584 1602 3662 acidi
1671 3582 1835 3662 salis
1901 3584 1982 3665 in
2031 3582 2205 3665 vasa
2265 3582 2580 3675 transse-

666 3702 854 3769 vunt
903 3682 1369 3789 tecipientia.
1479 3788 1494 3805 „
2157 3762 2170 3775 ,
2241 3714 2253 3724 ·
2321 3786 2367 3885 ς
2443 3783 2550 3859 IX

2699 1119 2704 1204 l

2702 1221 2705 1292 l

2705 1324 2707 1378 l
