2760 4749
520 333 579 435 8
872 368 875 371 ⁴
936 417 941 421 .
984 325 1111 414 De
1142 322 1463 438 formis
1519 326 2120 442 Crystallorum.

517 564 689 617 mus
738 562 951 641 apex.
1055 541 1339 644 Figura
1391 534 1708 620 ABCbca
1760 540 1862 617 est
1914 562 2072 619 tota
2131 542 2210 617 in
2285 563 2408 619 eo-

521 642 701 719 dem
758 642 986 741 plano
1040 644 1456 733 inclinato,
1509 640 1863 741 idemque
1917 646 2115 719 valet
2147 643 2241 718 de
2280 645 2408 717 tri«

519 742 661 818 bus
722 702 1055 841 reliquisX
1082 742 1544 845 homologis.
1649 743 1758 816 Ut
1804 744 1952 841 jam
2015 743 2412 845 indagetur

520 842 779 923 forma
828 846 1217 943 primitiva
1270 844 1794 943 compleantur
1868 843 2174 920 rhombi
2247 844 2416 937 cN,

192 954 198 961 '
298 952 337 1004 ’Δ
410 1000 415 1005 ·
522 944 701 1037 cO,
752 944 875 1019 cP
922 944 1003 1021 &
1054 944 1213 1045 ορ,
1259 947 1410 1042 qui·
1442 943 1664 1019 oculo
1711 945 1787 1017 in
1825 948 1946 1019 axi
1971 970 2110 1047 per
2157 960 2418 1019 ctran·
2479 1014 2485 1019 .

524 1042 782 1123 seunte
828 1046 981 1121 alte
1012 1044 1455 1135 constitute,
1501 1043 1730 1118 instar
1765 1045 2302 1144 quadratorum
2339 1047 2420 1119 in

416 1146 421 1149 ’
528 1147 765 1248 piano
815 1143 1145 1243 subjesto
1198 1144 1800 1245 conspicientur,
1849 1147 1928 1223 &
1977 1146 2431 1243 habebi-mus·

532 1247 797 1348 figurae
840 1246 1355 1347 ‘hyacinthicae
1421 1244 1957 1322 rudimentum.
2061 1248 2420 1334 Formam

534 1370 863 1445 namque
938 1348 1396 1447 granaticam
1469 1349 1696 1421 etiam
1775 1350 2170 1447 concipere
2246 1346 2424 1429 licet

398 1540 413 1545 ‘
536 1444 764 1522 instar
792 1448 1168 1547 prismatis
1202 1445 1698 1547 quadranguli
1730 1470 1770 1523 e
1807 1471 2122 1545 quatuor
2161 1449 2426 1523 rhom-

534 1549 653 1623 bis
714 1546 1154 1649 compofiti‚
1216 1545 1386 1623 solis
1424 1548 1756 1648 apicibus
1811 1552 1882 1624 le
1931 1552 2264 1625 invicem
2321 1569 2430 1624 at·

535 1650 1057 1751 tingentibus,
1112 1646 1536 1747 utrimque
1639 1651 2018 1725 terminati
2102 1670 2428 1749 quatuor

537 1749 885 1825 rhombis
956 1750 1037 1823 in
1126 1751 1418 1849 apicem
1506 1750 2109 1826 conniventibus,
2237 1750 2432 1825 Haec

536 1850 788 1929 forma
865 1848 986 1925 vel
1069 1849 1439 1925 tantillum
1531 1850 1952 1950 protrac'ca,
2046 1851 2170 1929 seu
2222 1849 2433 1951 quod

540 1948 815 2024 eodem
869 1948 1176 2039 recidit,
1225 1951 1441 2048 plana
1479 1950 1740 2027 fimilia
1793 1951 1872 2027 &
1909 1955 2216 2049 aequalia
2273 1954 2436 2051 api-

544 2049 755 2123 cibus
804 2050 1253 2161 applicando
1312 2048 1562 2144 ancia,
1621 2052 2101 2153 hyacinthica
2151 2054 2434 2145 evadit,
2486 2066 2496 2075 “

544 2147 1255 2249 ideoque'ejusdem
1318 2150 1828 2235 rudimentum
1910 2152 2110 2240 haud
2163 2158 2438 2239 imme·

540 2250 701 2331 'rito
751 2250 1013 2325 vocari
1072 2248 1337 2351 potest.
1703 2264 1707 2273 '

698 2400 808 2501 Η)
864 2401 943 2476 St
994 2401 1217 2502 plana
1273 2403 1525 2480 addita
1569 2402 1701 2479 fibi
1748 2405 2054 2504 quidem
2103 2411 2442 2488 invicem

548 2500 721 2580 sunt
776 2501 1082 2596 fimilia,
1128 2503 1810 2582 fundamentalibus
1869 2531 2105 2597 vero,
2170 2510 2441 2608 quibus
2489 2536 2500 2548 ·

550 2605 1021 2694 innituntur,
1070 2603 1469 2697 diffimilia,
1525 2608 1794 2708 ingens
1841 2633 2214 2686 novarum
2262 2637 2444 2712 pro-

553 2701 669 2774 dit
722 2704 1226 2781 variationum
1302 2728 1624 2784 caterva.
1739 2709 1886 2784 Sed
1957 2708 2175 2810 plura
2238 2737 2445 2800 nune

558 2823 983 2900 congerere
1068 2806 1417 2908 exempla
1495 2805 1572 2886 su
1634 2829 2124 2886 ervacaneum
2189 2811 2446 2906 duct),

560 2919 791 2994 quum
836 2901 1049 2978 allata
1094 2905 1332 3006 probe
1387 2906 1569 2984 intel
1603 2907 1762 2992 ecia
1831 2907 2000 2986 satis
2073 2911 2293 3018 super
2349 2937 2446 2994 ue

561 2993 993 3091 ostendant,
1046 3007 1437 3102 quomodo
1494 3008 1632 3084 alia
1691 3008 1884 3086 bene
1946 3013 2217 3109 multa,
2279 3043 2330 3116 p
2365 3040 2450 3090 a·

563 3097 1131 3273 Εῗιὲὃεθίὶωρὶίςί
1164 3107 1309 3200 via,
1338 3109 1432 3188 ad
1483 3107 1768 3194 fo'rmas
1815 3115 2241 3220 primitivas
2268 3140 2449 3226 pos·

755 3224 793 3274 r
844 3225 1122 3286 vocari.
1661 3237 1671 3250 ·

852 3373 927 3445 S1
996 3375 1190 3452 hanc
1260 3378 1683 3460 dominam
1755 3409 1964 3464 mere
2033 3393 2452 3491 geometri-

570 3487 735 3542 cam
788 3469 867 3547 &
913 3470 1442 3593 speculativam
1497 3489 1663 3581 quis
1741 3485 2187 3588 suspicetur,
2278 3516 2456 3596 cry·

567 3561 816 3647 stallos
855 3571 1193 3672 inspiciat
1246 3581 1642 3676 calcareas,
1694 3611 2008 3686 quarum
2034 3590 2199 3667 laxa
2243 3616 2454 3670 com-

567 3687 839 3778 page3‚
890 3668 1151 3776 senfin}
1198 3678 1278 3764 δε
1324 3682 1734 3790 prudenter
1767 3686 2180 3788 diffrafflr
2207 3698 2457 3884 curig·

488 3845 501 3852 -
2420 3819 2458 3886 S
