2760 4749
659 331 784 423 De
849 332 1076 419 Tubo
1113 331 1823 440 ferruminatorim
2050 346 2211 443 489

309 542 642 620 multum
707 544 1071 621 diminuta
1126 542 1407 620 fistatur
1471 544 1682 620 flatus
1744 568 1881 645 per
1935 546 2216 643 aliquot

303 667 754 735 momenta,
799 670 983 721 mox
1035 649 1304 721 iterum
1365 644 1834 745 incipiendus
1870 647 1948 721 &
1981 670 2072 721 eo
2109 670 2237 743 uss

259 832 268 839 ‚
311 770 467 844 que
521 746 1067 821 continuandus
1103 800 1123 837 ,
1171 748 1417 821 donec
1469 770 1733 821 omnes
1795 746 1955 820 fere
2046 768 2214 819 eva·

310 870 644 921 fluerunt
699 846 1007 923 bullulae.
1111 847 1289 921 Hoc
1345 844 1581 937 fasto,
1638 846 2018 921 interdum
2080 843 2209 919 sub

307 947 901 1049 refrigeratione
951 948 1204 1021 rubini
1259 949 1599 1023 colorem
1659 948 1907 1021 induit·
1971 944 2214 1045 sphae-

307 1047 530 1138 rula,
589 1047 693 1121 fin
769 1052 1014 1125 minus
1062 1048 1464 1123 mediante
1535 1050 1914 1123 exteriore
2001 1046 2243 1119 flam--

309 1172 443 1222 ma
503 1147 923 1243 emolliatur
967 1170 1254 1225 tantum
1301 1148 1393 1235 ,δε
1466 1146 1597 1222 sub
1666 1146 2217 1223 indurescentia

311 1246 799 1347 plerumque
843 1250 1106 1349 prodit
1179 1248 1453 1323 tineius
1533 1272 2008 1325 memoratUS.
2139 1248 2216 1321 Si

313 1353 568 1449 prima
621 1353 790 1423 vice
841 1349 1026 1423 fallit
1054 1348 1476 1449 p1·oceffu5‚
1524 1373 1618 1423 ex
1658 1352 1989 1425 minimis
2034 1372 2216 1447 pen-

314 1453 508 1523 dens
562 1448 1172 1538 circumstantiis,
1223 1475 1385 1546 quae
1438 1448 1753 1550 describi
1807 1426 2213 1547 nequeunt,

311 1548 611 1627 strenue
669 1550 1027 1627 tentando
1077 1550 1307 1624 altera
1373 1549 1497 1624 vel
1563 1553 1780 1623 tertia
1848 1547 2213 1629 succedet.

313 1650 692 1746 Globulus
747 1650 997 1725 rubini
1047 1652 1303 1723 colore
1353 1647 1708 1747 praeditus
1771 1648 2065 1748 forcipe
2133 1651 2234 1721 in·

314 1750 503 1825 statu
556 1751 890 1826 mollitiei
951 1747 1414 1848 compressus
1465 1750 1660 1823 haud
1713 1774 1887 1823 raro
1951 1752 2035 1823 fit
2082 1774 2213 1822 cae·

315 1852 606 1925 ruleus:
650 1849 884 1925 fiibita
927 1848 1212 1925 fufiorie
1263 1848 1691 1951 op'alescere
1744 1849 1948 1940 solet,
2004 1874 2216 1923 eum-

315 1975 461 2049 que
505 1950 704 2025 radii·
766 1972 1231 2025 transeuntes
1299 1949 1677 2051 (rest-asti)
1761 1951 2153 2025 caeruleum
2190 2004 2212 2042 ,

306 2052 578 2128 reflexi
639 2075 732 2127 ex
795 2048 1006 2129 fusco
1064 2050 1564 2126 rufescentem
1620 2050 2073 2141 monstrant,
2111 2052 2211 2125 ul-

309 2157 539 2229 terius
589 2176 778 2229 vero
830 2155 1004 2249 igne
1064 2174 1299 2225 tortus
1350 2174 1685 2236 omnem,
1735 2151 1959 2226 instar
2002 2176 2211 2250 aquae

309 2278 559 2353 purae,
609 2254 811 2328 exuit
856 2252 1217 2327 colorem.
1295 2252 1701 2351 Turpetho
1750 2275 1998 2325 tamen
2070 2256 2212 2325 mi-

309 2352 550 2432 nerali
631 2352 890 2428 addito
961 2354 1348 2452 aliquoties
1437 2356 1704 2428 iterum
1802 2360 2211 2453 provocati

310 2452 554 2555 potest
603 2454 916 2534 rubedo.

461 2595 844 2669 Stmutmt
875 2592 1099 2670 Calce
1137 2591 1401 2681 stanni,
1452 2593 1621 2686 loco
1674 2593 2036 2694 turpethi‚
2084 2593 2214 2669 ob·

309 2696 586 2790 tinetur
662 2694 902 2769 fluxus
961 2693 1211 2783 rufus,
1278 2692 1407 2766 sed
1492 2700 1731 2794 magis
1800 2693 2209 2770 flavescens

307 2795 390 2872 δε
440 2816 806 2894 praeterea
856 2791 1142 2870 facilius
1206 2795 1659 2893 opacitatem
1730 2795 2206 2868 contrahenS.

309 2896 714 2996 Turpetho
771 2895 1112 2978 minerali
1171 2891 1527 2990 adquifita
1577 2895 1869 2970 rubedo
1907 2887 2208 2994 'purpu-

302 2995 525 3076 rascit
570 2996 892 3076 omnino
940 2993 1165 3070 instar
1215 2993 1484 3070 rubini.

453 3160 758 3236 Bon-Aen
809 3157 1116 3259 quidem
1170 3157 1436 3233 eadem
1495 3159 2006 3260 phaenomena
2078 3182 2206 3232 eo.-

301 3262 629 3360 demque
688 3262 974 3352 mode,
1045 3258 1173 3334 sed
1226 3261 1505 3350 rarius,
1572 3264 1651 3333 in
1712 3257 2203 3359 conspeE'tum

301 3364 638 3441 veniunt.
745 3362 1098 3440 Ceterum
1170 3380 1474 3436 notetur
1541 3365 1896 3460 oportet,
1977 3361 2206 3434 mini-

304 3487 508 3542 mam
579 3461 1122 3554 variationem,
1215 3461 1630 3562 praesertim
1700 3465 1769 3534 in
1827 3461 2005 3562 igne
2088 3482 2229 3548 re·-

305 3563 606 3666 gendo‚
683 3556 1146 3663 saepe-hujus·
1214 3564 1727 3662 experimenti
1798 3559 2197 3635 success'um

303 3665 588 3746 tollere.
1446 3685 1454 3693 ·

1119 3795 1285 3870 Hh
1343 3821 1380 3892 5
1960 3793 2201 3894 Qun
