2760 4749
677 349 799 435 De
868 351 1221 440 Minerii
1271 349 1485 464 ‘firri
1529 354 1768 442 ‘albia
2043 385 2204 465 219

308 582 555 638 rarum
605 563 957 666 magnefii
1011 563 1401 658 solutioni,
1453 569 1598 642 alio
1662 567 1876 643 fasta:
1942 567 2208 664 acido,

310 663 795 756 immittitur,
866 689 1049 740 mox
1125 691 1272 765 ope
1352 667 1672 767 duplicis
1745 668 2206 749 attraffionis

314 761 605 837 decidit
654 766 1133 871 Magnefium
1196 767 1622 844 fluoratum.

472 941 661 1016 IDEM
718 944 923 1020 valet
977 941 1070 1018 de
1123 944 1317 1019 acido
1361 939 1734 1044 phosphori.
1840 945 2004 1038 Sal,
2077 946 2209 1044 qui

313 1042 935 1120 microcosmicus
983 1048 1241 1119 vocari
1298 1042 1522 1138 solet,
1575 1045 2006 1147 magnefiO,
2059 1070 2211 1145 ope

308 1142 497 1218 alius
550 1143 744 1218 acidi
794 1144 1085 1236 solum,
1128 1143 1462 1237 additus,
1517 1146 1798 1246 duplici
1841 1147 2214 1222 atti-afflo-

307 1267 411 1319 ne
434 1241 677 1320 statim
707 1239 1049 1321 de'turbat
1076 1245 1548 1347 Magnefium
1577 1250 2210 1349 phosphoratum.

330 1490 335 1495 Ι
466 1397 715 1474 HEBES
778 1395 880 1472 est
940 1403 1121 1474 aceti
1186 1399 1567 1499 potentia,
1644 1398 1872 1474 solvit
1951 1421 2211 1476 tamen

306 1496 699 1598 regulum,
750 1497 987 1572 modo
1039 1522 1283 1592 ,antea
1348 1498 1769 1600 descripte,
1851 1499 1930 1576 ὃς
2009 1501 2211 1577 calce

306 1621 612 1696 quoque
668 1599 886 1700 nigra
946 1599 1188 1675 satiari
1237 1599 1528 1699 potest,
1584 1599 1884 1700 copiose
1936 1600 2207 1678 addita.

306 1700 806 1775 Connubium
857 1699 1099 1774 hocce
1173 1700 1408 1774 nullas
1471 1701 1752 1800 praebet
1821 1699 2212 1801 crystallos

308 1799 395 1875 &
432 1799 524 1873 ad
558 1799 827 1875 siccum
853 1825 1229 1907 vaporans
1265 1803 1414 1875 cito
1451 1801 1719 1876 iterum
1749 1799 2207 1900 deliquescit.

466 1973 663 2048 NoN
740 1993 1029 2048 tantum
1089 1959 1562 2073 Magnesiam
1637 1971 2063 2071 regulinum
2127 2001 2205 2047 a·

302 2070 464 2143 cido
500 2069 823 2172 saccbari
894 2071 1320 2172 suscipitur,
1393 2073 1521 2146 sed
1576 2075 1796 2147 etiam
1869 2074 2034 2148 calx
2093 2078 2206 2150 ni-

308 2195 490 2273 gra,
544 2196 614 2248 at
666 2173 937 2249 solutio
990 2173 1242 2249 satiata
1304 2173 1698 2271 pulverem
1768 2172 2019 2247 album
2073 2177 2207 2252 de-

305 2277 583 2372 ponitd,
632 2299 816 2372 aqua
876 2277 1007 2352 vix
1071 2273 1563 2363 solvendum,
1607 2271 1778 2346 ‘nisi
1845 2275 2062 2348 acido
2123 2300 2205 2350 a·

306 2397 539 2455 cuata.
656 2378 803 2449 Hic
852 2373 951 2450 sal
993 2379 1068 2449 in
1116 2378 1295 2477 igne
1347 2370 1739 2475 nigrescit,
1803 2371 1924 2447 sed
1985 2374 2206 2452 acido

308 2473 645 2551 sacchari
694 2479 965 2551 iterum
1015 2478 1231 2551 facile
1308 2474 1625 2549 la&eum
1687 2474 2014 2572 adquirit
2076 2501 2208 2551 co-

307 2576 580 2657 lorem.
686 2576 1057 2651 Eumdem
1136 2574 1359 2651 instar
1417 2598 1838 2648 atomorum
1899 2574 2208 2678 crystal-

306 2676 647 2752 linorum
686 2677 946 2776 dejicit
990 2681 1281 2752 acidum
1344 2676 1703 2763 sacchari,
1743 2698 1782 2747 e
1819 2674 2204 2754 solutioni-

304 2777 493 2867 buS,
550 2804 712 2876 quae
790 2778 1020 2863 acidis
1082 2778 1430 2867 aviti-ioli,
1506 2778 1680 2853 nitri
1761 2776 1884 2851 vel
1945 2780 2206 2856 muriae

306 2876 527 2956 faciae
588 2877 775 2955 sunt.

471 3031 677 3109 Hmc
732 3030 982 3105 adfine
1042 3030 1312 3106 acidum
1348 3030 1616 3103 tartari
1661 3030 1881 3103 etiam
1936 3030 2013 3102 in
2068 3027 2207 3105 fri-

306 3156 501 3234 gore
547 3130 846 3232 suscipit
903 3132 1181 3217 calcem
1248 3123 1595 3231 nigram,
1670 3128 1793 3203 sed
1847 3128 2209 3205 menstrui

310 3233 530 3307 color
582 3256 673 3307 ex
734 3233 967 3307 rubro
1026 3230 1400 3319 fuscescit‚
1454 3232 1578 3305 hic
1634 3253 1877 3307 autem
1933 3228 2206 3325 [iustus

306 3332 751 3435 digestionis
805 3334 1054 3409 calore
1104 3333 1387 3407 deletur
1433 3330 1562 3406 sub
1616 3329 2205 3407 effervescentia.

308 3434 488 3509 Pars
540 3435 783 3533 itaque
846 3432 1197 3509 menstrui
1235 3432 1819 3531 decomponitur
1870 3432 1949 3508 &
1992 3430 2206 3506 suum

308 3534 491 3609 calci
546 3536 878 3635 porrigit
934 3532 1424 3640 phlogiston,
1477 3535 1583 3607 uti
1633 3558 1848 3609 antea
1908 3532 2004 3607 de
2047 3556 2206 3605 mu-

306 3637 576 3713 riatico
631 3640 1079 3711 notavimus.
1186 3634 1550 3731 Alioquin
1602 3634 1855 3709 Alkali
1903 3652 2206 3733 vegeta-

308 3734 457 3813 bne
528 3734 1059 3829 tartarisatum‚
1121 3733 1482 3840 magnefii
1543 3734 1836 3809 cuidam
1905 3730 2205 3844 solutio:

604 3864 635 3881 2
2121 3852 2203 3907 m
