2760 4749
609 262 776 349 440
831 230 954 317 De
995 232 1509 315 minerarum
1548 222 1989 330 Docimafia
2028 222 2395 319 humida.

607 440 907 593 pggdus
953 468 1042 534 a,
1097 440 1179 519 δι
1245 440 1356 517 illi
1428 436 1950 543 respondentis
2022 439 2309 517 metalli
2372 444 2517 533 erit

671 592 762 647 13—
814 571 878 624 (1.

757 694 852 770 ΙΝ
935 690 1454 769 mineralisatis
1544 716 1701 769 non
1782 714 2193 790 numquam
2289 695 2519 773 etiam

611 792 900 873 ferrum
959 794 1196 883 adest,
1243 793 1452 893 quod
1532 789 1964 873 delitescere
2024 794 2339 891 nequit,
2416 793 2520 871 se-

619 918 892 999 parato
947 916 1164 971 antea
1223 893 1573 970 vismut0.

791 1047 896 1145 C)
951 1042 1431 1123 Vtsmmrt'm
1478 1045 1920 1141 calciforme,
1984 1042 2139 1123 five
2194 1043 2527 1139 nudum,

623 1142 780 1225 five
835 1147 1054 1231 acido
1105 1158 1329 1221 aereo
1379 1143 2007 1235 mineralisatum,
2056 1144 2363 1221 acidum
2416 1149 2526 1219 ni-

627 1245 912 1324 trosum
1001 1246 1194 1321 subit
1257 1246 1337 1323 &
1392 1270 1578 1345 aqua
1648 1246 1871 1323 etiam
1952 1244 2176 1342 dejici
2248 1245 2533 1345 potest,

685 1372 783 1423 uo
867 1344 1069 1423 festo
1141 1346 1652 1449 heterogenea
1724 1350 1804 1421 in
1882 1345 2174 1443 liquido
2218 1347 2535 1429 restant.

703 1450 877 1525 olor
927 1447 1384 1525 rubicundus
1432 1447 1709 1525 cobalti
1756 1443 2233 1551 praesentiam
2300 1448 2535 1529 oculis

637 1572 822 1626 mox
877 1549 1157 1651 prodit.
2526 1562 2535 1566 ·

1026 1698 2127 1889 Minerae§iii{1clbliferae.

803 1963 978 2038 Hoc
1035 1962 1417 2038 metallum
1468 1960 1879 2039 admodum
1930 1985 2157 2062 parce
2195 2019 2217 2054 ,
2292 1962 2376 2037 in
2432 1958 2543 2037 of·

645 2064 870 2143 ficina
962 2083 1242 2139 naturae
1321 2062 1486 2137 aliis
1577 2062 2035 2155 admixtum,
2108 2064 2546 2161 reperitur,

645 2166 876 2239 variis
927 2186 1178 2239 tamen
1229 2163 1575 2237 indutum
1626 2162 1975 2238 faciebus.
2098 2164 2299 2238 Non
2372 2188 2548 2241 raro

645 2270 1008 2356 nativum,
1057 2265 1180 2338 vel
1228 2263 1559 2363 pauxillo
1645 2261 2015 2364 sulphuris
2072 2264 2488 2339 adunatum
2527 2320 2552 2356 ‚

646 2364 860 2442 simul
915 2388 1162 2440 tamen
1223 2389 1396 2438 cum
1456 2362 1713 2457 ferro,
1764 2362 2064 2438 cobalto
2126 2364 2207 2441 &
2277 2362 2554 2440 arseni·

651 2491 748 2542 co
801 2469 1063 2544 intime
1118 2464 1643 2563 conjnuffinm,
1710 2463 1901 2540 adeo
1949 2485 2030 2539 ut
2096 2465 2291 2538 haec-
2337 2489 2559 2565 pere·

655 2569 879 2672 grina
933 2569 1230 2642 metalla
1283 2589 1441 2640 non
1490 2566 1642 2640 {ine
1676 2566 1908 2640 multa
1968 2564 2401 2641 difficultate
2442 2565 2555 2641 se-

653 2670 869 2771 jungi
925 2688 1242 2768 queant,
1289 2665 1369 2742 &
1426 2663 1710 2742 ferrum
1776 2664 2133 2740 haste-nus
2188 2691 2349 2740 non
2417 2664 2561 2742 nifi

657 2768 1106 2868 imperfeste
1149 2771 1247 2867 p).
1355 2764 1715 2842 Ceterum
1776 2766 1998 2843 acido
2047 2771 2399 2845 vitriolico
2473 2765 2599 2850 ὃς·

650 2871 845 2968 forte
893 2880 1082 2943 ιιένεο
1137 2866 1681 2953 mineralifiaetum
1728 2869 2077 2956 occurrit.
2433 2927 2441 2949 .,

820 2971 925 3063 Α)
980 2969 1387 3044 N1ccowM
1436 2966 1774 3044 Nativum
1816 2969 2036 3050 acido
2092 2968 2275 3052 nitri
2338 2955 2565 3042 susti·

663 3069 864 3168 pitur
925 3069 1006 3146 ὃς
1055 3069 1276 3144 alkali
1331 3070 1879 3166 praecipitatum
1929 3079 2181 3150 aerato
2278 3070 2564 3152 calcem
2628 3065 2635 3072 ’

664 3167 993 3268 praebet,
1041 3193 1205 3264 quae
1250 3167 1409 3250 fere
1466 3166 1762 3268 semper
1802 3168 1881 3248 &
1934 3169 2221 3258 fertum
2254 3227 2276 3258 ‚
2328 3168 2409 3244 δι
2448 3193 2567 3243 ar-

667 3268 1048 3353 senicum,
1106 3267 1185 3344 &
1241 3267 1617 3344 cobaltum
1678 3269 1946 3362 fovet,
1990 3272 2068 3346 in
2118 3293 2203 3346 ea
2237 3294 2569 3370 propor-

668 3370 926 3455 tione,
1020 3368 1100 3441 in
1173 3389 1316 3464 qua
1369 3368 1759 3470 regulum,
1818 3393 2033 3454 more
2084 3370 2383 3475 vulgari
2432 3371 2573 3446 eli·

671 3488 976 3574 quatum
1010 3525 1032 3558 ‚
1094 3467 1438 3558 comitari
1492 3465 1752 3551 solent.
1856 3471 1933 3548 Si
2009 3469 2208 3550 forte
2292 3496 2575 3572 argen-

2400 3593 2573 3658 tum

837 3741 932 3828 p)
971 3736 1112 3806 Dim
1151 3737 1222 3808 de
1259 3736 1529 3838 Niceolq.
1593 3809 1601 3816 ,
2546 3695 2558 3704 ·
