2760 4749
785 445 789 450 ,
892 313 1020 414 De
1079 324 1434 417 Plotina.
1577 321 1629 368 Ψ
1823 325 1828 338 ’
1915 354 2134 467 ,173

232 544 579 632 tionem,
633 537 875 616 adhuc
922 539 1146 621 valde
1184 540 1518 634 acidam,
1561 543 1638 618 in
1689 541 1868 618 duas·
1897 530 2144 644 partes

232 643 562 744 aequales
592 639 846 757 divisa·
879 642 1125 718 Alteri
1152 645 1462 759 exiguas
1500 643 1935 746 vegetabilis
1965 667 2142 757 por-

234 742 605 820 tiunculas
641 741 931 835 nmmfi,
968 743 1183 819 alteri
1212 743 1592 820 mmeralis
1621 742 1918 820 frustula
1953 765 2147 842 ejus-

123 883 125 888 ·
235 846 419 922 dem
446 840 832 945 ponderis,
864 844 1072 921 Inter
1094 845 1507 942 quamlibet
1531 842 1993 920 additionem
2015 841 2148 917 sub

236 942 815 1022 effervescentia
850 947 1179 1043 quinque
1214 946 1674 1028 minutorum
1701 965 1996 1021 moram
2041 942 2148 1017 fe·

212 1050 324 1124 ·ci.
406 1044 579 1122 Post
622 1045 919 1120 tertiam
960 1047 1425 1121 additionem
1471 1047 1550 1122 in
1601 1047 1844 1146 priori
1871 1067 2148 1146 parvas

240 1146 634 1250 crystallos
670 1146 857 1221 oriri
890 1144 1075 1238 vidi,
1164 1147 1382 1222 artim
1425 1147 1501 1222 in
1535 1145 1950 1248 superficie,
1983 1169 2162 1246 par*

239 1251 383 1324 tim
426 1251 507 1324 in
553 1245 833 1332 fundo‚‘
862 1247 939 1322 in
969 1272 1071 1347 po
1138 1248 1368 1322 eriori
1413 1268 1656 1325 autem
1698 1246 1973 1321 nullam
2012 1245 2142 1322 ob·
2228 1300 2236 1306 -

244 1348 549 1426 servavi
591 1344 1095 1424 secretionem
1137 1347 1440 1439 Platinae
1485 1347 1896 1440 calcinatae,
1937 1367 2141 1423 ante-

247 1473 477 1550 quam
526 1446 780 1524 denuo
833 1448 1374 1549 quinquaginta
1422 1469 1574 1524 tres
1620 1449 2008 1548 portiones
2033 1448 2142 1522 di·
2257 1509 2260 1518 .

245 1546 529 1627 mensae
593 1547 793 1624 illam
850 1550 1334 1633 intraverant.
1456 1547 1974 1648 Discrepantia
2038 1571 2141 1623 ta·

246 1675 431 1728 men
475 1649 709 1750 longe
767 1648 1007 1747 major
1066 1647 1247 1741 fuit,
1298 1673 1518 1746 quam
1559 1673 1652 1724 ex
1684 1649 1918 1725 allatis
1957 1649 2142 1723 niox

248 1769 563 1853 apparet
590 1801 635 1842 ,,
666 1771 839 1822 nam
895 1747 1113 1824 alkali
1166 1749 1588 1852 vegetabile
1643 1770 1799 1826 erat
1844 1746 2146 1850 crystal-

247 1853 573 1941 lisatum,
626 1847 969 1947 adeoque
1029 1874 1257 1952 aqua,
1311 1847 1582 1925 formae
1636 1851 1959 1955 regulari
2009 1872 2145 1924 ne·

252 1951 599 2038 cessaria,
648 1948 1031 2043 dotatum
1093 1949 1450 2025 minerale
1503 1973 1746 2026 autem
1808 1945 2146 2026 fatiscen-

250 2057 379 2130 tia·
413 2048 819 2151 collapsum
846 2108 869 2140 ,
920 2049 997 2125 &
1021 2104 1044 2143 ,
1077 2050 1251 2127 licet
1296 2052 1373 2124 in
1410 2051 1708 2127 illorum
1741 2051 2144 2152 aequalibus

253 2151 723 2256 ponderibus
777 2150 1181 2225 alkalinurn
1235 2177 1508 2250 purum
1555 2155 1641 2228 fit
1694 2156 1802 2228 uti
1850 2177 1890 2246 3
1942 2151 2034 2227 ad
2072 2178 2143 2242 2,

255 2277 511 2332 tamen
553 2278 593 2349 3
651 2249 876 2327 alkali
941 2251 1384 2354 vegetabilis
1462 2276 1710 2352 partes
1783 2276 1941 2326 non
2013 2251 2170 2334 nisi,
2271 2245 2279 2256 ’

264 2381 427 2450 1,71
482 2353 702 2455 hujus
748 2377 954 2452 aquae
1004 2355 1206 2457 regis
1262 2352 1722 2446 saturabant,
1767 2351 2018 2427 dum2
2055 2351 2150 2426 al·
2253 2436 2276 2451 J

259 2458 406 2536 kali
444 2453 829 2533 mineralis
877 2457 1177 2530 circiter
1230 2462 1408 2548 2,60
1444 2452 1937 2556 suscipiebant
1983 2451 2081 2551 d).

403 2634 699 2711 TANTA
756 2631 1141 2710 diversitas
1186 2657 1333 2707 una
1371 2654 1543 2707 cum
1597 2657 1755 2707 non
1789 2630 1972 2708 dum
2027 2631 2150 2709 de·
2255 2637 2262 2647 ‘

264 2733 457 2811 tee‘ta
510 2734 738 2809 salina
794 2756 1051 2809 natura
1107 2737 1377 2833 primi,
1428 2758 1595 2809 cum
1647 2732 1872 2809 alkali
1920 2738 2153 2837 vege·

264 2836 474 2912 rabili
532 2837 773 2938 geniti
820 2835 1311 2935 praecipitati,
1358 2832 1512 2909 fine
1563 2831 1794 2909 dubio
1866 2833 2153 2912 ¹fefelle-

265 2958 441 3013 runt
522 2932 1198 3036 experientiffimos
1271 2954 1522 3011 antea·
1567 2936 1901 3011 laudatos
1974 2939 2152 3013 artis

268 3036 690 3139 spagyricae
751 3034 1189 3139 magistros,
1250 3034 1456 3134 quod
1523 3032 1696 3119 sane
1757 3035 1960 3113 haud
2016 3041 2150 3115 mi·

265 3164 413 3214 rari
465 3158 849 3219 convemt.

404 3308 496 3405 C)
560 3310 849 3409 ITAQJE
902 3313 983 3387 in
1033 3308 1291 3388 nostro
1345 3313 1661 3415 negotio
1730 3295 1956 3391 alkali
2023 3312 2162 3391 mi·

274 3412 547 3489 neralis
628 3410 951 3487 efficacia
1019 3413 1341 3490 nullam,
1383 3416 1658 3514 patitur
1735 3415 2161 3493 diminutio·

270 3535 496 3606 nem,
547 3508 676 3593 sed
741 3513 1161 3617 vegetabile
1213 3515 1465 3619 potius
1497 3514 1938 3619 fingularem
1989 3542 2158 3690 {qm

2081 3633 2153 3691 a-

360 3800 433 3883 d)
475 3800 695 3885 opulc.
743 3804 881 3870 Vol.
928 3806 979 3878 1,
1021 3824 1083 3885 p.
1130 3820 1238 3867 20.
