2760 4749
628 311 784 399 312
1009 318 1018 329 ·
1131 274 1254 365 De
1337 269 1697 363 Mineris
1754 270 2023 365 Zinci.

775 492 1175 595 QJOMono
1225 488 1553 567 Zincum
1608 485 1685 561 in
1741 484 1995 563 China
2060 504 2557 583 excoquatur

619 595 820 674 latet.
923 592 1226 695 Auglus
1276 588 1585 689 quidam
1635 589 1981 687 plurimis
2038 588 2373 663 antehac
2426 611 2561 663 an-

622 699 785 788 nis,
847 694 1064 788 huius
1119 693 1296 769 artis
1342 686 1819 765 addiscendae
1868 689 2105 790 gratia
2179 711 2277 765 eo
2362 712 2561 789 pron·

623 796 864 889 fedius
904 794 1007 871 est
1036 851 1060 886 ‚
1114 792 1436 868 feliciter
1482 795 1704 865 etiam
1761 788 2076 866 domum
2125 789 2419 881 rediit,
2478 789 2561 866 &

623 898 1030 989 hac-arte,
1085 888 1735 995 quemadmodum
1794 886 2273 980 uenditavit,
2356 888 2560 967 suffi-

623 1003 913 1077 cienter
959 992 1403 1091 instru&uS,
1460 990 1589 1069 sed
1640 1016 1825 1069 ‘eam
1895 990 2219 1069 studiose
2288 990 2559 1068 oecul-

625 1102 837 1178 tavit.
959 1097 1158 1173 Dein
1223 1092 1554 1171 Bristolii
1638 1092 2017 1170 officinam
2100 1092 2559 1171 instruaestam'

625 1197 842 1284 fuisse
888 1200 1364 1298 accepimus,
1415 1193 1546 1270 ubi
1593 1198 1895 1271 zincum
1938 1217 2076 1297 per
2106 1193 2559 1272 descensum

627 1298 1076 1379 destillando
1131 1294 1497 1398 prodiisse
1540 1297 2003 1398 perhibetur.
2046 1298 2197 1371 -Per
2240 1294 2557 1393 adscen-

629 1402 792 1481 sum
841 1421 1058 1477 antea
1114 1402 1421 1477 zincum
1480 1398 1559 1473 in
1612 1398 1877 1475 svecia
1913 1393 2237 1473 feliciter
2296 1396 2558 1473 destil-

627 1526 794 1590 tum
845 1498 1063 1579 fuiss'e
1114 1502 1769 1585 memoravimuS,
1822 1497 2027 1597 quod
2080 1496 2357 1598 postea
2408 1523 2552 1575 ma-

625 1604 784 1707 jori
857 1602 1080 1703 copia
1151 1598 1433 1676 saelum
1514 1596 1618 1675 est
1696 1624 1739 1675 a
1806 1597 2165 1699 Dominis
2292 1603 2399 1675 A.
2480 1600 2556 1681 F.

632 1708 1098 1781 Cnons‘ran‘r
1153 1701 1236 1778 &
1265 1700 1335 1777 S.
1392 1702 1749 1791 Rima,
1791 1698 2353 1779 Celeberrimis
2408 1702 2552 1781 Mi·

631 1807 1018 1909 neralogis
1069 1826 1284 1903 aeque
1329 1824 1419 1878 ac
1465 1801 1968 1905 MetallurgiS.

790 1979 1333 2067 Βιειτκυιτᾼς,
1384 2001 1609 2076 quam
1666 1976 2091 2055 volatilis&
2139 1975 2551 2057 combusti·
2610 2028 2617 2037 -
2712 1954 2714 1969 ¹

631 2078 806 2155 bilis
863 2078 1086 2179 hujus
1148 2078 1443 2152 metalli
1477 2077 1775 2153 indoles
1827 2080 2065 2178 parit,
2107 2080 2240 2157 diu
2284 2083 2551 2184 cogni·

636 2182 927 2256 tionem
982 2179 1486 2267 minerarum,
1544 2203 1636 2256 eo
1674 2178 2170 2269 imbutarum,
2222 2182 2549 2259 retarda-

635 2282 797 2370 vit,
845 2302 989 2357 nee
1043 2278 1363 2376 mirum,
1418 2280 2034 2380 quandoquidem
2114 2279 2383 2360 forma
2448 2286 2548 2358 in·

633 2381 997 2462 struit-um
1050 2381 1469 2474 metallica,
1531 2380 1625 2456 ad
1676 2380 1929 2458 nostra
1976 2379 2139 2459 fere
2199 2405 2547 2487 tempora

615 2483 870 2580 ,instar
922 2480 1323 2584 compositi
1383 2505 1481 2558 ex
1533 2481 1817 2558 duabus
1887 2482 2341 2585 pluribusve
2413 2509 2549 2562 ma-

641 2588 850 2661 teriis
913 2583 1252 2658 habitum
1308 2582 1471 2659 fuit.
1592 2593 1991 2661 ALBERTUS
2054 2587 2173 2664 Μ.
2256 2585 2549 2664 ferrum

638 2683 960 2788 ingredi
1046 2684 1587 2775 arbitrabatur,
1679 2688 2143 2762 Panacursus
2216 2683 2549 2780 spurium

643 2787 857 2884 cupri
914 2783 1058 2860 effe
1119 2783 1838 2861 filium'autumabat
1874 2838 1897 2878 ‚
1956 2787 2276 2869 Lunum*
2326 2787 2551 2892 speci-

643 2906 769 2959 em
821 2882 1128 2962 vismuti
1154 2943 1177 2978 ,
1229 2887 1643 2980 Gramma,
1676 2886 2041 2987 multique
2073 2889 2551 2988 alchemistae,

641 3004 944 3060 merum
1005 2981 1318 3087 sulphur
1396 2982 1635 3064 solare
1714 2989 2203 3066 immaturum
2238 3045 2263 3080 ‚
2336 2993 2554 3072 Hou-

643 3105 834 3162 mnte
910 3087 1312 3164 mixturam
1388 3086 1633 3168 stanni
1721 3088 1801 3168 &
1880 3087 2113 3184 ferri,
2196 3091 2553 3172 Kuucxrr.

643 3187 1108 3262 mercurium
1165 3189 1643 3290 coagulatum
1675 3247 1696 3282 ‚
1746 3190 2134 3272 scamma
2204 3193 2551 3270 stannum

644 3308 787 3390 per
839 3283 1150 3385 sulphur
1199 3285 1467 3394 fragile
1528 3289 1849 3388 faetum,
1903 3291 1987 3374 δε
2038 3318 2207 3396 quae
2247 3291 2551 3379 fuerunt

643 3385 957 3486 reliquae
1006 3389 1432 3486 opiniones,

794 3551 1125 3668 M¹NE¹³⁴5
1175 3577 1494 3633 vocatur
1532 3557 2083 3662 Pstvdogalerra,
2135 3584 2305 3662 quae
2348 3561 2549 3668 gale·

613 3672 825 3736 nam
878 3673 1288 3761 genuinam
1337 3663 1745 3772 mentitur,
1792 3661 2125 3782 ideoque
2182 3666 2549 3744 montieo·

2458 3764 2549 3856 lis
