2760 4749
750 315 875 404 De
932 335 1156 402 terra
1219 315 1784 409 Gemmarum.
2107 341 2217 430 75

484 526 646 628 Qu
687 526 1062 628 lapidibus
1109 523 1687 604 vitrescentibus
1735 551 2071 632 gemmas
2109 529 2217 603 in·

315 625 622 720 serunt,
678 651 953 730 praeter
1012 632 1222 705 varia
1267 630 1586 710 minoris
1646 633 2021 706 momenti
2076 636 2229 724 cri-3

320 731 511 806 teria
567 733 922 832 negativa
949 783 972 822 ,
1014 729 1529 832 praetendunt,
1564 730 1770 829 quod
1806 729 1994 803 facie
2042 754 2219 828 gau·

319 829 552 922 dea-nt
603 836 845 908 vitrea
897 830 980 907 δι
1044 855 1216 906 cum
1293 829 1558 906 salibus
1627 829 1971 904 alkalinis
2043 829 2219 907 fixis

317 927 609 1006 fiisione
660 931 932 1008 abeant
979 932 1058 1006 in
1107 932 1304 1006 vitra
1349 928 1773 1032 perlucida}
1820 934 2027 1032 prius
2082 956 2227 1031 per

318 1029 398 1107 se
461 1054 830 1131 perquam
883 1030 986 1106 est
1037 1031 1447 1122 lubricum,
1501 1031 1867 1132 posterius
1914 1035 2221 1130 qualita-

313 1151 476 1208 tem
525 1134 767 1236 magis
821 1132 1128 1233 quidem
1185 1129 1641 1208 ‘essentialem
1686 1131 2011 1232 'spestat‚
2052 1157 2231 1208 mo··

315 1232 444 1308 do·
479 1255 752 1308 verum
810 1233 1015 1327 esset,
1082 1232 1210 1309 sed
1263 1231 1446 1330 quid
1526 1232 1848 1309 doceant
1920 1237 2217 1336 experi-

315 1354 576 1409 menta
626 1357 719 1411 ex
781 1333 1258 1434 sequentibus
1293 1332 1598 1434 patebit.
1688 1334 2019 1410 Durities
2057 1360 2225 1412 non

315 1458 497 1510 raro
547 1459 819 1538 vagam
873 1436 1184 1512 exhibet
1232 1456 1529 1525 notam,
1582 1461 1811 1535 quum
1870 1434 2064 1536 saepe
2132 1463 2221 1512 u·-

315 1539 490 1610 nice
555 1537 884 1638 pendeat
932 1537 1024 1611 ab
1097 1534 1611 1613 exficcationis
1692 1533 1969 1636 gradu,
2056 1561 2221 1612 ma-

315 1656 552 1711 nente
627 1639 938 1712 materia
1015 1638 1276 1716 eadem
1315 1693 1335 1723 ‚
1404 1638 1512 1711 uti
1581 1633 1749 1712 satis
1802 1637 2043 1712 elucet
2118 1659 2215 1712 ex

315 1735 584 1836 argilla
645 1738 859 1812 molli
925 1737 1048 1813 vel
1123 1738 1366 1840 probe
1430 1734 1603 1812 usta.
1702 1733 2233 1813 Vitrescentes'

316 1837 484 1912 aliis·
540 1834 767 1913 filicei
815 1836 1162 1931 audiunt,
1236 1835 1366 1914 sed
1439 1838 1755 1913 nomina
1819 1861 1977 1912 non
2054 1861 2215 1912 mu-

312 1957 480 2012 tant
523 1961 782 2014 rerum
841 1959 1231 2038 naturam,
1282 1938 1458 2016 huic
1528 1959 1783 2016 tarnen
1867 1939 2216 2041 adaptata

313 2039 614 2142 optima
665 2037 853 2115 sunt.

247 2271 257 2281 ,
456 2191 553 2267 h:
607 2188 998 2292 systemate
1047 2190 1597 2294 mineralogico
1642 2190 2021 2284 codendo‚
2055 2189 2213 2267 fifi-

311 2315 551 2399 gura‚
597 2311 938 2385 textura,
981 2293 1324 2385 durities,
1372 2292 1626 2383 color,
1676 2293 2013 2383 claritas,
2060 2315 2212 2367 ma·

312 2391 680 2498 gnitud0‚
738 2415 1154 2493 ceteraeque
1205 2391 1621 2494 superficiei
1684 2394 2213 2493 proprietates,

311 2492 799 2573 mineralibus
870 2495 1318 2595 corporibus
1391 2492 1688 2594 semper
1770 2492 1851 2568 &
1932 2490 2213 2589 ubique

312 2593 850 2699 dignoscendis
900 2594 1369 2687 sufficerent,
1414 2594 1573 2669 haec
1627 2591 1880 2669 forsan
1918 2592 2213 2668 metho-

311 2694 452 2775 dus
519 2696 1052 2798 incipientibus
1135 2693 1337 2773 foret
1410 2693 1810 2784 facillima,
1863 2718 2022 2769 non
2104 2712 2209 2769 ta·

309 2821 495 2875 men
543 2794 1174 2897 praestantissima,
1239 2821 1471 2895 quum
1546 2790 1971 2887 facultates,
2047 2795 2206 2895 qui·

309 2898 448 2977 bus
499 2896 740 2975 usibus
791 2895 1062 2974 nostris
1094 2895 1558 2995 inserviunt,
1606 2919 1699 2970 ex
1735 2893 1995 2971 indole
2036 2920 2209 2995 par·
2270 2908 2275 2919 ‘

307 3001 500 3077 tium
549 2994 1202 3087 constituentium,
1249 3022 1423 3075 raro
1470 3018 1719 3073 autem
1772 2994 1863 3071 ab
1896 3000 2223 3081 externas

308 3102 538 3177 totius
591 3096 825 3190 facie,
871 3096 1013 3177 fint
1067 3094 1521 3174 derivandae.
1626 3096 2011 3195 Quantum
2072 3094 2208 3172 fal-

305 3200 465 3279 lant
520 3198 990 3293 charasteres
1037 3196 1527 3302 superficiarii
1566 3202 1763 3277 nemi
1778 3220 1952 3273 nem
1987 3194 2207 3300 fugit,

305 3304 438 3399 qui
503 3297 778 3375 nostris
847 3301 1320 3401 temporibus
1396 3298 1871 3375 mineralium
1937 3322 2030 3373 co
2095 3298 2210 3372 ni-

301 3403 605 3479 tionem
689 3399 814 3477 vel
867 3403 1134 3501 primis
1194 3398 1617 3505 degustavit
1702 3399 1977 3492 labris,
2111 3422 2205 3473 oc

303 3524 566 3580 tamen
600 3502 950 3578 humanae
979 3500 1408 3578 conditioni
1443 3499 1773 3603 dandum
1804 3496 1943 3589 est,
1974 3497 2206 3599 quod,

304 3628 470 3679 non
531 3601 668 3680 nisi
704 3607 809 3681 im
869 3600 1177 3680 ossibilia
1237 3603 1368 3679 sub
1414 3604 1542 3705 spe
1611 3598 1971 3688 success'u's
2040 3622 2209 3703 per·

298 3702 721 3799 tentando,
809 3728 944 3784 ero
997 3703 1417 3783 admodum
1472 3702 1867 3806 sapiamus·
2082 3797 2115 3874 I

2122 3820 2205 3874 N·
