2760 4749
712 342 833 441 De
890 348 1252 435 Mineris
1298 346 1564 439 Zinei.
1951 382 2104 467 323

191 554 300 637 lei
345 557 839 637 Berolinenfis
890 561 1115 637 libras
1162 565 1468 641 circiter
1529 588 1634 648 12.
1697 563 2106 665 Liquidum

198 660 482 738 restans
510 660 1131 763 crystallisatione
1170 664 1427 763 postea
1465 689 1732 743 verum
1764 668 2108 746 exhibuit

200 764 547 858 alumen,
601 762 731 840 sed
786 763 1199 839 admodum
1255 790 1503 867 parce.

356 914 701 993 TANDEM
755 942 842 995 12
898 914 1266 995 restabant
1319 896 1794 1018 librae‚‚quae
1862 920 2108 995 acido-

200 1040 375 1093 rum
427 1015 802 1115 eluserunt
845 1021 1317 1119 potentiam,
1365 1046 1677 1121 quaeque
1731 1020 1973 1097 silicea
1999 1022 2109 1097 in-

204 1116 381 1193 dole
420 1117 867 1225 gaudebant.

360 1270 481 1361 D)
556 1270 910 1348 Summus
970 1272 1455 1354 consideratis
1527 1275 1606 1349 in
1672 1276 2112 1351 centenario

206 1368 429 1471 hujus
499 1370 767 1471 lapidis
828 1372 1610 1452 calaminaris‘adeffe
1695 1379 2114 1477 reperimus

206 1474 407 1550 zinci
462 1472 803 1548 calcinati
860 1488 1000 1569 84,
1054 1474 1237 1551 ferri
1291 1475 1636 1551 calcinati
1691 1499 1774 1571 3,
1824 1476 2113 1579 argiilae

206 1598 414 1677 purae
460 1576 769 1651 circiter
821 1601 853 1650 1
916 1577 997 1651 &
1047 1576 1275 1653 filicei
1333 1604 1421 1654 12
1472 1576 1742 1655 libras..

364 1740 479 1843 Ε)
544 1742 789 1821 HANc
855 1746 1078 1823 etiam
1135 1746 1471 1849 analyfin
1541 1746 1682 1821 alia
1755 1747 1881 1823 via
1937 1768 2116 1849 apte

218 1846 729 1940 ubsolvimuS,
775 1850 1031 1947 primo
1081 1850 1384 1927 ‚acidum
1441 1848 1908 1925 vitriolicum
1983 1851 2117 1923 ab.

210 1947 620 2026 strabendo
654 1999 678 2041 ‚
730 1946 911 2023 dein
969 1974 1157 2049 aqua
1203 1946 1605 2039 elixand0‚
1658 1949 2118 2049 tandemque

212 2050 432 2126 alkali
475 2048 770 2130 volatili
798 2048 1122 2132 caustico
1178 2048 1766 2154 praecipitando,
1817 2050 2118 2128 solven-

212 2152 488 2251 doque.
619 2147 1072 2243 Refiduum,
1154 2150 1361 2253 quod
1429 2150 1644 2229 acido
1733 2153 2122 2229 vitriolico

213 2250 529 2343 refistit,
562 2250 897 2332 ‚siliceum
938 2252 1043 2349 est
1071 2307 1094 2345 ,
1146 2254 1331 2333 illud
1385 2275 1632 2329 autem
1663 2308 1688 2345 ‚
1764 2253 1974 2352 quod
2027 2251 2126 2328 al·

210 2352 371 2430 kali
422 2353 729 2432 volatile
790 2356 1110 2455 respuit,
1158 2355 1442 2434 calcem
1515 2352 1698 2430 ferri
1766 2379 1941 2430 cum
2009 2379 2124 2430 ar-

271 2457 395 2532 illa
440 2481 631 2558 pura
671 2459 1014 2533 continet
1049 2511 1071 2548 ‚
1121 2483 1287 2556 quae
1339 2453 1561 2533 acido
1649 2454 1942 2531 vitrioli
2011 2454 2125 2534 so·

212 2481 385 2634 putav:
444 2557 666 2633 alkali
716 2555 1257 2660 phlogisticato
1310 2555 1644 2661 separari
1691 2553 2022 2656 possunt.

369 2741 480 2836 F)
534 2739 971 2838 Conomms
1018 2741 1195 2817 loco
1246 2739 1417 2818 heic
1471 2739 1832 2815 nonnulla
1905 2735 2132 2818 adde·

217 2867 303 2920 re
362 2843 584 2920 liceat
643 2840 739 2919 de
814 2842 1013 2919 calce
1075 2844 1273 2918 zinci
1348 2862 1509 2918 arte
1583 2862 1896 2940 parata,
1959 2866 2130 2940 quae

224 2945 509 3024 florum
554 2945 866 3022 nomine
916 2944 1153 3046 vulgo
1202 2942 1617 3047 infignitur.
1723 2941 1918 3018 Haec
1983 2945 2130 3019 aci·

214 3046 335 3123 dis
362 3043 578 3122 facile
625 3065 785 3121 tota
831 3068 1105 3146 quanta
1143 3042 1586 3146 suscipitur,
1631 3041 1766 3120 sed
1796 3044 2130 3147 plerum·

168 3231 175 3240 ,
216 3173 367 3248 que
424 3145 577 3224 fine
624 3145 782 3222 ullo
825 3169 1081 3239 motu,
1130 3145 1514 3224 interdum
1546 3167 1738 3222 vero
1779 3171 1954 3222 cum
2005 3169 2133 3224 ve·

212 3248 567 3328 hementi
619 3245 1211 3326 effervescentia.
1314 3248 1583 3324 Flores
1652 3271 1860 3324 anno
1932 3269 2132 3345 1742

216 3376 260 3429 a
312 3349 413 3428 D.
470 3371 635 3427 von
690 3351 918 3430 swam
954 3347 1286 3428 confesti
1332 3349 1487 3448 jam
1528 3345 1695 3452 post
1749 3371 1842 3444 37
1888 3371 2132 3425 annos

214 3451 514 3556 'placide
587 3448 1038 3550 solvuntur,
1118 3453 1241 3529 alii
1321 3455 1571 3542 aute'm
1646 3473 1851 3525 anno
1939 3462 2128 3542 1758

214 3557 462 3658 parati
515 3549 743 3630 instar
773 3575 996 3630 cretae
1036 3557 1117 3631 in
1154 3553 1390 3630 acidis
1443 3552 1942 3630 vehementer
1970 3547 2135 3650 spu·

214 3676 457 3747 mant,
535 3653 731 3731 adeo
779 3677 859 3731 ut
906 3656 1129 3730 initio
1178 3675 1466 3732 cretam
1521 3653 1946 3730 immixtam
2021 3647 2132 3724 fa·

212 3747 368 3834 cile
457 3756 716 3859 quivis
797 3755 1191 3857 crederet,
1264 3753 1395 3833 sed
1473 3753 1856 3857 explorati
1937 3743 2130 3826 nihil

990 3856 1289 3940 ·X'2
1997 3849 2130 3925 he·
