2760 4749
721 332 849 424 De
904 352 1130 424 terra
1185 331 1752 430 Gemmarum.
2107 365 2217 454 77

303 551 542 629 tione
589 553 908 628 curatius
965 549 1343 650 explicavi
1388 553 1473 650 c).
1538 551 1629 626 In
1666 551 1990 656 gemmis
2034 543 2222 626 'exa-

321 650 710 728 minandis
759 652 885 728 hic
929 654 1189 754 magni
1215 648 1320 728 est
1353 656 1771 743 momenti,
1814 675 2045 751 quum
2080 654 2223 727 mi-

323 759 602 850 nimae,
649 779 815 850 quae
871 752 1168 852 forcipe
1223 751 1528 829 traciari
1578 749 1905 853 possunt,
1954 753 2229 846 micae,

325 852 538 932 hisce
598 851 963 931 sufficiant
1015 852 1603 947 muniminibus,
1651 875 1793 955 per
1843 850 1919 930 se
1975 852 2225 930 nihilo

327 957 579 1031 minus
640 953 858 1032 valde
906 952 1312 1056 sumtuosiS.
2349 955 2354 960 ’

477 1103 1229 1182 ADAMANTEM'mox
1275 1103 1367 1180 ab
1422 1105 1638 1181 initio
1686 1129 1729 1180 a
1772 1103 2076 1205 reliquis
2112 1102 2225 1182 di·

325 1206 711 1325 stinguere
801 1203 1280 1282 necessarium
1338 1204 1482 1300 est,
1538 1208 1816 1284 etenim
1872 1207 1953 1282 &
2021 1206 2231 1284 duri-

331 1331 436 1385 tie
483 1308 622 1383 illis
680 1305 999 1384 multum
1051 1306 1475 1401 antecellit,
1527 1305 1609 1382 δι
1661 1305 1961 1385 diversa
2010 1307 2228 1388 indo·
2338 1368 2353 1384 ,

317 1408 404 1486 'le
460 1407 854 1510 discrepat.

497 1560 772 1636 Purvts
819 1557 1338 1636 adamantinus
1390 1555 1714 1637 flammae
1756 1562 1835 1636 in
1894 1559 2230 1640 carbone

331 1660 714 1762 expositus
762 1665 910 1737 cito
980 1659 1303 1754 candet,
1384 1661 1513 1736 sed
1584 1664 1715 1736 vix
1790 1659 2235 1738 sensibiliter

335 1782 712 1854 mutatur,
753 1763 1126 1860 ‘quoniam
1209 1762 1403 1836 adeo
1453 1759 1791 1838 constans
1848 1761 1930 1840 &
2010 1760 2232 1838 diuti-

337 1887 478 1939 nus
527 1864 724 1966 ignis
775 1862 927 1938 hoc
970 1860 1205 1938 modo
1269 1885 1469 1964 aegre
1532 1860 1913 1938 sustentari
1962 1860 2237 1964 potest,

336 1986 421 2038 ut
475 1966 555 2039 in
603 1987 858 2040 auram
935 1961 1393 2057 resolvatur,
1458 1962 1537 2040 δι
1613 1966 1897 2042 interea
1963 1967 2238 2042 evitari

325 2065 604 2163 nequit
653 2061 1058 2192 subtantq
1116 2065 1621 2141 diuturnitatis
1692 2064 1929 2140 stadio
1964 2121 1988 2158 ,
2046 2069 2237 2164 quin

337 2169 615 2269 exigua
691 2164 906 2241 flatus
981 2165 1443 2265 inaequalitas
1519 2165 1728 2240 illum
1784 2163 2233 2247 disseminet.

337 2266 524 2342 Hoc
554 2262 895 2366 respeecu
955 2287 1222 2342 ceterae
1279 2267 1603 2368 gemmae
1664 2289 1835 2341 cum
1878 2266 2237 2344 ‘adaman-

335 2388 416 2445 te
464 2366 788 2443 omnino
842 2367 1332 2449 concordant.

321 2582 330 2589 ·
387 2619 394 2634 ,
497 2539 632 2621 υτ
685 2542 812 2616 via
867 2538 1054 2617 ficca
1106 2538 1583 2617 mineralium
1634 2536 2040 2616 solutiones
2108 2538 2241 2617 ob·‘

337 2644 625 2719 tineam
672 2639 1048 2743 triplicem
1101 2644 1182 2718 in
1234 2642 1505 2741 primis
1558 2637 1785 2716 salem
1846 2632 2241 2736 adhibeo,
2352 2684 2359 2697 ·

337 2740 647 2819 acidum
701 2764 1027 2842 nempe,
1076 2743 1483 2821 alkalinum
1525 2739 1607 2816 δι
1640 2740 2079 2819 neutralem.
2132 2742 2240 2819 A·

339 2841 600 2961 cidit-m
629 2895 652 2936 ,
703 2844 784 2918 in
835 2842 1165 2959 carbone
1218 2845 1477 2944 ignem
1512 2840 1908 2960 sustinen3‚
1947 2844 2242 2951 nullum

341 2968 552 3127 3223.
582 2940 1763 3147 Pffi‘„¹{{:{};11313¹‘}?d{iffi
1768 2943 2245 3137 ςέιῗῗῗῖὲὲἕῖ

340 3168 538 3227 nens
583 3143 667 3223 δε
722 3144 944 3221 alkali
1002 3145 1308 3224 volatile
1333 3202 1358 3238 ,
1411 3144 1493 3223 δι
1545 3143 1771 3221 alkali
1836 3147 2247 3231 mineralet

327 3244 648 3323 acidum
689 3244 905 3348 phos
937 3245 1163 3340 hori,
1214 3244 1376 3324 solo
1417 3245 1817 3323 saturatum
1850 3246 2067 3324 alkali
2104 3272 2250 3325 vo-

337 3346 576 3441 latili,
617 3350 702 3425 in
737 3371 880 3451 cry
944 3347 1127 3425 allos
1176 3350 1352 3453 cogi
1398 3350 1700 3446 nequit,
1748 3350 1954 3447 quod
1988 3369 2248 3427 tamen

341 3445 649 3553 semper
708 3451 966 3525 evenit
1001 3506 1022 3539 ,
1104 3451 1511 3526 accedente
1580 3446 1763 3547 justa
1825 3449 2044 3529 alkali
2100 3452 2252 3531 mi-

339 3552 622 3634 neralis
672 3552 1078 3651 portione,
1136 3550 1216 3629 δε
1289 3552 1420 3651 qui
1481 3548 1662 3628 hinc
1722 3550 2083 3631 enascitur
2142 3546 2252 3668 sal

2100 3672 2239 3727 tn-

428 3818 495 3897 a)
534 3818 980 3889 Commutatio
1028 3840 1148 3888 xxv
1188 3822 1246 3887 in
1291 3818 1402 3887 hnc
1442 3820 1795 3891 colneium.
