2760 4749
536 372 543 379 .
618 322 775 449 ¹52
974 308 1100 436 De
1134 308 1344 431 calca
1387 312 1580 397 auri
1611 306 2160 423 fulminante.

605 546 691 703 {lo
747 522 1081 640 laxatur,
1152 519 1610 623 tandemque
1683 524 1766 601 in
1841 521 2234 627 amplexus
2317 520 2515 622 ejus-

668 652 789 703 em
843 645 1015 701 ruit.

758 740 1059 816 UNtcus
1102 737 1440 839 pulveris
1469 741 1676 841 pyrii
1708 738 1968 841 pollex
2021 740 2322 816 cubicus
2350 736 2512 813 flui-

602 840 680 919 di
727 838 1001 917 elastici
1060 861 1436 940 provocat
1481 842 1778 917 circiter
1829 866 2000 937 244,
2049 837 2176 916 sed
2227 838 2512 937 aequale

604 944 829 1019 calcis
880 942 1041 1017 auri
1093 938 1561 1017 fulminantis
1621 942 1982 1018 volumen
2041 941 2279 1017 saltim
2336 965 2508 1037 qua-

504 1049 518 1063 ‘
600 1042 741 1121 dtu
805 1042 965 1119 lum
1022 1038 1339 1141 spatium
1395 1040 1522 1119 sua
1581 1043 1848 1141 implet
1910 1068 2128 1132 aura,
2187 1042 2267 1119 ἃ.
2325 1040 2506 1117 hinc

598 1144 818 1228 facle
883 1138 1335 1245 intelligitur
1405 1144 1788 1246 utriusque
1859 1142 2160 1221 diversa
2243 1141 2503 1244 explo-

602 1244 837 1323 dendi
885 1242 1235 1321 efficacia.

750 1394 1213 1473 ExPucA‘no
1267 1394 1482 1470 allata
1538 1392 1912 1501 fragoris,
1970 1396 2277 1497 cognita
2343 1417 2496 1469 ma-

594 1500 807 1575 teriae
855 1498 1125 1573 caloris
1174 1494 1256 1572 &
1292 1500 1453 1571 auri
1505 1494 1971 1572 fulminantis
2020 1492 2498 1597 compositio·

592 1621 731 1689 ne,
792 1596 961 1673 satis
1013 1598 1207 1673 bene
1264 1594 1341 1675 se
1395 1597 1673 1689 habet,
1747 1598 1855 1672 uti
1935 1598 2121 1672 mihi
2191 1596 2498 1695 quidem

506 1744 514 1751 ·
588 1696 915 1783 videtur.
998 1694 1308 1773 Restant
1356 1718 1609 1774 tamen
1648 1698 2010 1774 nonnulla
2063 1696 2500 1799 phaenome-

589 1824 689 1878 na
744 1824 903 1877 non
955 1797 1139 1875 dum
1192 1796 1648 1875 sufficienter
1703 1798 2116 1901 explanata.

638 2006 643 2013 -
738 1948 969 2051 QJon
1016 1948 1436 2051 prudenter
1489 1950 1934 2027 calcinando
1977 1950 2318 2054 abigatur
2358 1949 2496 2051 ful-

590 2054 933 2129 minandi
978 2054 1217 2127 virtus
1277 2052 1365 2149 (§.
1401 2051 1539 2143 IV,
1564 2054 1679 2147 A),
1719 2052 1982 2131 mirari
2016 2078 2170 2129 non
2228 2051 2496 2145 decet,

586 2177 823 2252 quum
862 2152 1271 2229 materialis
1325 2151 1562 2247 causa,
1590 2153 1740 2229 fine
1773 2178 1919 2251 qua
1952 2178 2136 2250 non,
2171 2152 2257 2229 fit
2293 2152 2496 2231 alka-

576 2253 632 2330 li
668 2252 975 2353 volatile
1016 2252 1113 2354 (§.
1156 2252 1348 2349 XI),
1401 2255 1796 2355 peculiaris
1840 2272 2088 2331 autem
2131 2255 2501 2351 alacritaS,

582 2380 810 2456 quam
858 2355 1147 2432 interea
1201 2354 1578 2454 adquirit,
1635 2374 1806 2432 ante
1857 2357 2080 2456 plene
2149 2352 2490 2459 fugatam

574 2455 1039 2558 explodendi
1094 2455 1257 2535 vim
1312 2455 1401 2556 (§.
1438 2455 1574 2549 111,
1607 2455 1744 2552 B),
1798 2479 1890 2532 ex
1935 2455 2093 2558 ipsa
2137 2458 2486 2536 materie-

486 2617 491 2625 .
573 2585 747 2646 tum
824 2557 907 2634 δι
973 2558 1439 2656 operationis
1512 2555 1772 2634 indole
1867 2555 2172 2658 pendet.
2275 2557 2490 2633 Scili-

570 2680 691 2734 cet
751 2657 1008 2750 calor,
1084 2657 1239 2750 illi,
1314 2682 1542 2756 quem
1625 2654 2052 2734 fulminatio
2122 2655 2486 2760 postulat,

573 2755 935 2856 inferior,
993 2755 1072 2833 in
1120 2758 1278 2834 auri
1323 2757 1784 2838 fulminantis
1832 2779 2231 2858 utrumque
2275 2757 2488 2862 prin-

572 2860 857 2958 cipium
926 2860 1133 2960 agit:
1186 2859 1472 2939 calcem
1531 2859 1985 2938 metallicam
2056 2881 2483 2961 praeparat,

564 2981 648 3037 ut
710 2956 1003 3041 avidius
1058 2957 1498 3064 phlogiston
1561 2981 1898 3061 appetat,
1951 2960 2166 3036 alkali
2229 2982 2480 3038 autem

566 3057 893 3164 volatilis
1012 3080 1249 3136 artem
1301 3061 1925 3138 inflammabilem
1969 3062 2481 3160 tentat‚›ejus-

570 3159 903 3262 demque
993 3163 1337 3260 axiorem
1399 3159 1624 3252 efficit
1671 3167 1974 3238 nexum.
2083 3163 2270 3241 Haec
2324 3163 2478 3240 duo

567 3282 964 3339 momenta
1015 3285 1173 3336 non
1219 3259 1526 3361 poss'unt
1583 3286 1742 3340 non
1795 3267 2158 3340 unionem
2230 3264 2482 3342 fulmi-

557 3384 907 3438 naturam
950 3361 1232 3460 juvare.
1341 3363 1512 3439 Hic·
1558 3384 1810 3440 tamen
1881 3364 2190 3442 effectus
2263 3362 2478 3446 suum

556 3463 791 3538 habet
858 3464 1320 3559 maximum,
1385 3465 1464 3542 δι
1522 3461 1652 3538 sub
1705 3464 1852 3542 hoc
1905 3463 2142 3558 stadio
2204 3465 2478 3543 leviffi-
2527 3543 2532 3548 .

554 3559 1022 3667 ma'friffio
1094 3545 1392 3666 supplet
1466 3566 1738 3641 caloris
1811 3565 2197 3644 necessarii
2271 3566 2473 3644 defe-

556 3662 767 3741 &cum
800 3721 825 3763 ‚
876 3665 1395 3766 explofionem
1452 3689 1908 3769 provocanS.
1961 3669 2251 3746 Aurum
2284 3694 2471 3768 quo-

836 3803 843 3810 ·
2209 3839 2214 3848 .
2328 3795 2474 3870 que
