2760 4749
583 290 708 377 De
761 290 992 415 Tubo
1021 288 1734 401 ferruminatorio.
1793 338 1801 347 ·
1974 316 2135 400 493

391 506 844 581 ARGENTUM
898 501 1410 602 sulphuratum
1480 500 1817 598 (minera
1868 526 1948 577 ar
2009 526 2143 578 en-

179 607 287 682 ·ti
345 609 648 705 vitrea)
715 608 793 679 in
850 606 1176 679 carbone
1249 600 1494 676 fusum
1575 602 1916 677 bauddi
2001 603 2143 683 eile.

229 708 454 783 suum
523 708 756 782 mittit
805 702 1529 791 mineralifatorem‚
1589 704 1778 778 adeo
1831 725 1909 777 ut
1972 706 2157 778 niti··

232 808 377 883 dus
437 806 642 909 saepe
677 806 994 907 prodeat
1047 806 1417 907 globuluS,
1470 801 1525 877 fi
1574 828 1764 903 opus
1806 802 1951 893 est,
2004 804 2145 877 bo-

233 933 412 985 race
471 908 974 1008 deputandus,
1079 907 1450 981 Praeterea
1502 926 1901 1006 argentum
1956 928 2144 1003 prae-

234 1010 551 1185 cipi}ari
603 1004 848 1114 popest
883 1006 1139 1084 addito
1187 1023 1476 1107 cupro,
1530 1004 1743 1105 ferm
1814 1004 1938 1081 vel
1993 1027 2148 1079 ma·
2194 1091 2203 1099 ι

233 1134 392 1214 gne
427 1134 537 1187 10.

393 1260 953 1360 S1Jarsenicum
1007 1259 1217 1335 fimul
1279 1259 1501 1350 adest,
1556 1260 1679 1358 (ut
1728 1261 1803 1331 in
1855 1258 2147 1334 minere

235 1364 553 1465 argenti
597 1361 906 1453 -rubra,·)
962 1362 1143 1435 illud
1192 1360 1400 1459 p'rius
1451 1362 1841 1459 sulphure,
1889 1359 2149 1434 ustula-

235 1466 455 1539 tione
513 1463 715 1539 lenta
766 1461 1115 1561 fugatur,
1181 1460 1490 1536 tandem
1562 1463 1836 1535 borace
1920 1460 2165 1560 plene

238 1565 788 1667 heterogeneis
835 1561 1328 1645 liberandum,
1435 1563 1666 1636 Initio
1706 1559 2145 1661 decrepitat.
2204 1600 2211 1607 -

393 1716 732 1813 Comum
799 1738 972 1789 cum
1046 1711 1411 1812 sulphure,
1464 1714 1548 1789 s&
1610 1710 1950 1787 arsenico
2019 1709 2150 1795 adq

236 1820 578 1893 mixtum
663 1836 979 1917 argento
1047 1818 1364 1913 (minera
1418 1814 1710 1917 argenti
1777 1810 1969 1910 alba)
2035 1836 2149 1887 re·

239 1919 515 2021 gulum
559 1912 836 1991 eodem
895 1916 1487 1993 contaminatum
1538 1913 1867 1990 exhibet.

431 2072 803 2143 ΡιυΜΒυΜ
877 2063 1229 2167 stilphure
1318 2089 1789 2169 argentoque
1831 2065 2149 2144 >foetum

239 2169 606 2267 (Galena)
653 2167 989 2264 fimiliter
1043 2170 1302 2269 priore
1333 2169 1727 2260 liberatur,
1771 2191 1925 2264 quo
1950 2167 2149 2245 fusto

238 2269 650 2373 plumbum
691 2269 816 2343 vel
868 2270 950 2343 in·
1001 2270 1326 2369 carbone
1370 2268 1670 2345 alternis
1723 2270 2011 2366 vicibus
2042 2267 2154 2344 fu-

241 2376 411 2450 sum
471 2372 554 2448 &
607 2369 788 2445 flatu
839 2366 1366 2472 refrigeratum
1416 2394 1593 2470 per·
1630 2368 1968 2446 tubulum
2042 2367 2153 2446 fu·

241 2497 470 2552 mans
524 2469 786 2548 seusun
839 2469 1264 2570 diffipatur,
1320 2473 1445 2547 vel
1497 2473 1578 2546 in
1627 2470 1919 2572 cupella
1989 2493 2153 2547 me-

244 2571 511 2650 diante
561 2572 863 2647 flamma
911 2570 1004 2668 ab
1051 2592 1366 2672 argento
1415 2570 1814 2668 separatur.
1922 2572 1983 2646 E
2024 2598 2149 2674 ga·

242 2673 421 2752 lena
493 2693 892 2775 argentum
985 2670 1302 2772 plumbo
1379 2669 1739 2750 hastenus
1810 2671 2153 2750 distinste

243 2775 730 2875 praecipitare
782 2797 940 2870 non
993 2773 1250 2872 potui,
1302 2771 1432 2848 sed
1485 2772 1928 2850 tota.maffa
1976 2800 2154 2874 pro-

247 2874 392 2954 diit
485 2871 759 2956 malleo
831 2871 1216 2956 obediens.
1330 2872 1547 2950 Idem
1636 2899 1810 2950 cum
1884 2873 2151 2966 stanno

247 2975 580 3069 accidit,
636 2972 763 3049 sed
821 2971 1048 3049 massa
1095 2976 1338 3080 magis
1390 2972 1707 3051 friabilis
1754 2974 1917 3058 fuir.
1980 3045 1987 3052 .

1021 3137 1086 3242 §.
1137 3141 1385 3227 xxv,

809 3259 1612 3382 Hydrargyrum.

411 3419 514 3494 IN·
572 3419 902 3498 carbone
977 3424 1128 3504 hoc
1194 3429 1579 3506 metallum
1655 3455 1928 3534 purum
1990 3457 2179 3520 m0·.

260 3517 446 3596 dico
498 3523 522 3594 i
587 3543 681 3596 ne
730 3523 1001 3606 avolat.
1109 3529 1187 3609 Si
1254 3530 1413 3624 fixa
1479 3531 2153 3636 heterogeneain·

252 3617 427 3698 sunt
459 3677 486 3717 ,
589 3646 695 3698 aec
746 3621 1043 3710 restant.

2080 3787 2155 3865 1..·
