2760 4749
612 349 773 436 134
930 317 1063 432 „De
1108 316 1312 404 calce
1370 289 1564 406 auri
1595 283 2133 432 fulminante,

604 536 761 610 tim’
802 555 1053 621 nova,
1121 531 1398 632 partim
1461 527 1554 604 ab
1603 525 1763 601 aliis
1837 523 2159 622 quidem·
2211 519 2498 598 dudum

607 631 981 735 descripta
1017 689 1039 723 ‚
1090 629 1239 729 jam
1294 655 1486 710 vero
1533 625 1844 702 sollicite
1887 622 2118 703 revisa
2173 624 2254 700 &
2306 623 2500 697 limi-

606 755 809 826 tata,
870 733 1190 832 aliquam
1240 730 1594 833 praesenti
1643 730 1969 828 materiae
2027 725 2504 826 impertitura

607 837 851 912 lucem
899 833 1287 932 *speramus
1326 887 1348 926 ,
1406 829 1533 908 sed
1581 831 2008 928 priusquam
2048 827 2207 900 haec
2243 828 2319 900 in
2351 847 2507 900 me·

609 935 820 1012 dium
872 933 1402 1033 proferantur,
1449 932 1695 1007 obiter
1751 925 2296 1002 confideranda
2343 923 2508 1000 sunt

610 1037 1013 1113 conamina
1072 1056 1394 1125 eorum,
1473 1033 1604 1135 qui
1681 1051 1855 1108 ante
1939 1051 2085 1104 nos
2140 1028 2220 1101 in
2278 1027 2508 1102 hacce

613 1135 1067 1214 desudarunt
1120 1129 1472 1236 palaestra.

684 1331 691 1340 ’
770 1323 973 1398 ΝυΜ
1028 1319 1505 1420 antiquiffirni
1567 1318 1992 1396 Alchemici
2063 1319 2225 1395 auri
2276 1313 2512 1393 fulmiss

615 1423 850 1500 nandi
921 1426 1282 1499 virtutem
1358 1425 1711 1499 noverint
1789 1424 2268 1524 ignoramus,
2339 1418 2512 1494 aeni·

616 1522 991 1626 gmatibus
1041 1525 1245 1600 enim
1299 1523 1379 1600 δι
1434 1522 1784 1598 inusitatis
1831 1522 2188 1622 loquendi
2230 1519 2513 1594 formu·

612 1627 702 1700 lis
756 1623 885 1701 {ua'
959 1623 1462 1706 involvebant
1552 1647 1842 1699 arcana.
1935 1624 2301 1697 Bas-mus
2364 1621 2512 1700 VA-

614 1747 999 1802 ιΕΝτιΝυε
1060 1727 1354 1825 primus
1425 1721 1674 1798 forsan
1742 1721 2056 1799 modum
2125 1722 2322 1797 clare
2395 1719 2516 1795 de·

618 1824 957 1925 scripfit,
1005 1851 1156 1922 quo
1210 1845 1413 1900 tanta
1469 1821 1794 1899 efficacia
1835 1825 2070 1899 imbui
2125 1819 2369 1924 potest
2399 1845 2512 1897 au·

618 1949 809 2004 rum.
914 1925 1313 2004 Metallum
1358 1926 1438 1998 in
1471 1939 1670 2023 'aqua
1727 1927 1982 2026 regis,
2025 1923 2166 2000 sale
2225 1946 2513 1998 ammo·

554 2029 559 2036 ’
618 2024 841 2100 niaco
892 2023 1108 2114 fasta,
1168 2023 1617 2102 solvendum
1670 2022 2030 2121 juben&
2079 2025 2256 2101 dein
2314 2023 2519 2098 alka«

617 2123 675 2198 li
727 2123 1131 2224 vegetabili
1213 2125 1839 2225 praecipitandum
1877 2178 1900 2216 ,
1965 2123 2377 2200 duodecies
2447 2149 2516 2198 a·

622 2248 767 2323 qua
818 2225 1266 2316 lavandum,
1312 2225 1768 2324 tandemque
1833 2223 2360 2302 exsiccandum
2439 2225 2516 2299 in

616 2324 861 2402 libero
918 2331 1125 2421 aere,
1175 2325 1303 2403 ubi
1358 2324 1550 2403 radii
1604 2325 1882 2405 solares
1913 2327 2310 2429 pulverem
2365 2348 2518 2401 non

616 2430 1022 2533 attingunt,
1058 2426 1139 2506 &
1180 2452 1644 2528 nequaquam
1689 2426 1911 2529 supra
1941 2432 2249 2534 ignem,
2285 2450 2518 2527 quum

617 2527 771 2605 leni
821 2530 1275 2619 accendatur
1337 2529 1622 2616 calore,
1671 2550 1904 2627 eaque
1956 2528 2219 2607 avolet
2277 2529 2519 2605 vehe-

618 2632 955 2727 mentia,
1003 2652 1083 2706 ut
1134 2638 1448 2709 omnem
1501 2626 1799 2731 superet
1855 2632 2018 2705 vim
2087 2630 2522 2707 humanam.

616 2728 893 2814 Talem
948 2736 1195 2808 autem
1248 2732 1535 2808 calcem
1589 2728 1798 2809 nullo
1846 2732 2173 2835 proprio
2256 2728 2521 2809 distin·

618 2832 814 2936 guit¹
846 2836 1161 2911 nornine
1210 2834 1307 2935 a).

772 3000 1013 3103 HoNc
1047 3000 1472 3101 processum
1513 3001 1808 3101 sequuti·
1845 2998 2008 3076 sunt
2047 2996 2301 3101 postea
2327 2996 2522 3076 Che·

618 3100 993 3177 micorum
1047 3102 1424 3202 plerique,
1483 3104 1807 3201 aliquam
1859 3123 2114 3178 tamen
2167 3098 2520 3178 differen-

617 3200 798 3275 tiam
823 3254 845 3291 ‚
892 3200 1068 3275 heic
1110 3202 1264 3276 illic
1304 3202 1812 3282 observamus,
1871 3200 2373 3279 O.CRou.1us
2406 3226 2522 3275 au-

616 3322 779 3375 rum
834 3302 1120 3375 volatile
1168 3325 1394 3384 vocat
1439 3305 1532 3381 &-
1573 3302 2032 3409 prudentem
2088 3302 2522 3379 exficcatio·

617 3422 797 3477 nem
850 3404 928 3475 in
986 3402 1259 3477 balneo
1309 3404 1538 3481 maris
1595 3428 1802 3507 aegre
1873 3402 2523 3504 permit-'tit‚'fer·

604 3524 750 3578 sea
798 3522 1045 3577 autem
1106 3502 1448 3603 spathula
1493 3502 2144 3583 commovendum
2197 3504 2523 3581 omnino

2351 3626 2524 3707 pro·

706 3752 777 3867 a)
807 3787 972 3853 Vom
1032 3786 1321 3872 Sulphure
1368 3788 1544 3857 Solis.
