<?xml version="1.0" encoding="UTF-8"?>
<!DOCTYPE html PUBLIC "-//W3C//DTD XHTML 1.0 Transitional//EN"
    "http://www.w3.org/TR/xhtml1/DTD/xhtml1-transitional.dtd">
<html xmlns="http://www.w3.org/1999/xhtml" xml:lang="en" lang="en">
 <head>
  <title>
</title>
<meta http-equiv="Content-Type" content="text/html;charset=utf-8" />
  <meta name='ocr-system' content='tesseract 3.04.00' />
  <meta name='ocr-capabilities' content='ocr_page ocr_carea ocr_par ocr_line ocrx_word'/>
</head>
<body>
  <div class='ocr_page' id='page_1' title='image "./opusculaphysica04berggoog/opusculaphysica04berggoog_0042.png"; bbox 0 0 2760 4749; ppageno 0'>
   <div class='ocr_carea' id='block_1_1' title="bbox 591 233 1881 360">
    <p class='ocr_par' dir='ltr' id='par_1_1' title="bbox 591 233 1881 360">
     <span class='ocr_line' id='line_1_1' title="bbox 591 233 1881 360; baseline -0.002 -30"><span class='ocrx_word' id='word_1_1' title='bbox 591 269 698 360; x_wconf 80' lang='lat'>32</span> <span class='ocrx_word' id='word_1_2' title='bbox 1119 233 1246 324; x_wconf 84' lang='lat' dir='ltr'>De</span> <span class='ocrx_word' id='word_1_3' title='bbox 1311 255 1535 326; x_wconf 75' lang='lat' dir='ltr'>terra</span> <span class='ocrx_word' id='word_1_4' title='bbox 1579 235 1881 345; x_wconf 81' lang='lat' dir='ltr'>silicea.</span> 
     </span>
    </p>
   </div>
   <div class='ocr_carea' id='block_1_2' title="bbox 585 447 2507 2542">
    <p class='ocr_par' dir='ltr' id='par_1_2' title="bbox 585 447 2507 2542">
     <span class='ocr_line' id='line_1_2' title="bbox 587 447 2483 556; baseline -0.005 -22"><span class='ocrx_word' id='word_1_5' title='bbox 587 477 730 534; x_wconf 88' lang='lat' dir='ltr'>ceo</span> <span class='ocrx_word' id='word_1_6' title='bbox 775 475 1012 556; x_wconf 89' lang='lat' dir='ltr'>puro,</span> <span class='ocrx_word' id='word_1_7' title='bbox 1064 447 1122 526; x_wconf 86' lang='lat' dir='ltr'>fi</span> <span class='ocrx_word' id='word_1_8' title='bbox 1159 471 1350 527; x_wconf 88' lang='lat' dir='ltr'>vero</span> <span class='ocrx_word' id='word_1_9' title='bbox 1392 473 1429 548; x_wconf 83' lang='lat'><strong>3</strong></span> <span class='ocrx_word' id='word_1_10' title='bbox 1466 449 1631 530; x_wconf 83' lang='lat' dir='ltr'>salis</span> <span class='ocrx_word' id='word_1_11' title='bbox 1676 447 1985 528; x_wconf 87' lang='lat' dir='ltr'>alkalini</span> <span class='ocrx_word' id='word_1_12' title='bbox 2027 468 2275 550; x_wconf 83' lang='lat' dir='ltr'>partes</span> <span class='ocrx_word' id='word_1_13' title='bbox 2304 471 2483 526; x_wconf 87' lang='lat' dir='ltr'>cum</span> 
     </span>
     <span class='ocr_line' id='line_1_3' title="bbox 585 547 2483 656; baseline -0.007 -21"><span class='ocrx_word' id='word_1_14' title='bbox 585 580 738 636; x_wconf 83' lang='lat' dir='ltr'>uua</span> <span class='ocrx_word' id='word_1_15' title='bbox 795 547 1065 656; x_wconf 87' lang='lat' dir='ltr'>quartfi</span> <span class='ocrx_word' id='word_1_16' title='bbox 1110 549 1641 652; x_wconf 70' lang='lat' dir='ltr'><strong>colliquescunt</strong></span> <span class='ocrx_word' id='word_1_17' title='bbox 1694 554 1774 628; x_wconf 89' lang='lat' dir='ltr'>in</span> <span class='ocrx_word' id='word_1_18' title='bbox 1848 549 2233 628; x_wconf 84' lang='lat' dir='ltr'>crucibulo</span> <span class='ocrx_word' id='word_1_19' title='bbox 2316 551 2483 625; x_wconf 77' lang='lat' dir='ltr'>vul-</span> 
     </span>
     <span class='ocr_line' id='line_1_4' title="bbox 587 647 2489 764; baseline -0.004 -30"><span class='ocrx_word' id='word_1_20' title='bbox 587 659 808 764; x_wconf 82' lang='lat' dir='ltr'>gari,</span> <span class='ocrx_word' id='word_1_21' title='bbox 859 652 1175 730; x_wconf 86' lang='lat' dir='ltr'>salinum</span> <span class='ocrx_word' id='word_1_22' title='bbox 1221 649 1328 728; x_wconf 86' lang='lat' dir='ltr'>sui</span> <span class='ocrx_word' id='word_1_23' title='bbox 1382 652 1744 757; x_wconf 87' lang='lat' dir='ltr'>ponderis</span> <span class='ocrx_word' id='word_1_24' title='bbox 1801 651 2015 732; x_wconf 81' lang='lat' dir='ltr'>simul</span> <span class='ocrx_word' id='word_1_25' title='bbox 2060 647 2291 727; x_wconf 86' lang='lat' dir='ltr'>solvit</span> <span class='ocrx_word' id='word_1_26' title='bbox 2342 651 2489 726; x_wconf 89' lang='lat' dir='ltr'>cir·</span> 
     </span>
     <span class='ocr_line' id='line_1_5' title="bbox 589 751 2488 854; baseline -0.005 -18"><span class='ocrx_word' id='word_1_27' title='bbox 589 762 782 836; x_wconf 87' lang='lat' dir='ltr'>citer</span> <span class='ocrx_word' id='word_1_28' title='bbox 817 759 964 854; x_wconf 59' lang='grc' dir='ltr'>ἷξε</span> <span class='ocrx_word' id='word_1_29' title='bbox 1018 776 1114 829; x_wconf 85' lang='lat' dir='ltr'>ex</span> <span class='ocrx_word' id='word_1_30' title='bbox 1165 753 1324 854; x_wconf 88' lang='lat' dir='ltr'>ipsa</span> <span class='ocrx_word' id='word_1_31' title='bbox 1373 753 1654 830; x_wconf 79' lang='lat' dir='ltr'>vasculi</span> <span class='ocrx_word' id='word_1_32' title='bbox 1706 754 2017 832; x_wconf 86' lang='lat' dir='ltr'>materia</span> <span class='ocrx_word' id='word_1_33' title='bbox 2056 751 2488 854; x_wconf 77' lang='lat' dir='ltr'>argillacea,</span> 
     </span>
     <span class='ocr_line' id='line_1_6' title="bbox 589 851 2489 960; baseline -0.006 -24"><span class='ocrx_word' id='word_1_34' title='bbox 589 885 757 960; x_wconf 86' lang='lat' dir='ltr'>quae</span> <span class='ocrx_word' id='word_1_35' title='bbox 805 853 1170 931; x_wconf 85' lang='lat' dir='ltr'>instillatis</span> <span class='ocrx_word' id='word_1_36' title='bbox 1229 852 1463 930; x_wconf 87' lang='lat' dir='ltr'>acidis</span> <span class='ocrx_word' id='word_1_37' title='bbox 1520 853 1880 930; x_wconf 86' lang='lat' dir='ltr'>decidunt</span> <span class='ocrx_word' id='word_1_38' title='bbox 1911 911 1936 948; x_wconf 89' lang='lat'>,</span> <span class='ocrx_word' id='word_1_39' title='bbox 2002 855 2280 930; x_wconf 88' lang='lat' dir='ltr'>iterum</span> <span class='ocrx_word' id='word_1_40' title='bbox 2339 851 2489 928; x_wconf 81' lang='lat' dir='ltr'>sol·</span> 
     </span>
     <span class='ocr_line' id='line_1_7' title="bbox 587 951 2491 1056; baseline -0.007 -18"><span class='ocrx_word' id='word_1_41' title='bbox 587 957 863 1038; x_wconf 81' lang='lat' dir='ltr'>vendae</span> <span class='ocrx_word' id='word_1_42' title='bbox 919 951 1101 1054; x_wconf 86' lang='lat' dir='ltr'>justa</span> <span class='ocrx_word' id='word_1_43' title='bbox 1149 953 1339 1030; x_wconf 86' lang='lat' dir='ltr'>acidi</span> <span class='ocrx_word' id='word_1_44' title='bbox 1394 953 1755 1030; x_wconf 88' lang='lat' dir='ltr'>menstrui</span> <span class='ocrx_word' id='word_1_45' title='bbox 1824 956 2091 1056; x_wconf 85' lang='lat' dir='ltr'>copia,</span> <span class='ocrx_word' id='word_1_46' title='bbox 2154 951 2283 1029; x_wconf 88' lang='lat' dir='ltr'>sed</span> <span class='ocrx_word' id='word_1_47' title='bbox 2342 973 2491 1054; x_wconf 90' lang='lat' dir='ltr'>per</span> 
     </span>
     <span class='ocr_line' id='line_1_8' title="bbox 586 1053 2491 1159; baseline -0.006 -23"><span class='ocrx_word' id='word_1_48' title='bbox 586 1059 670 1146; x_wconf 81' lang='lat' dir='ltr'>se</span> <span class='ocrx_word' id='word_1_49' title='bbox 723 1076 926 1159; x_wconf 89' lang='lat' dir='ltr'>patet</span> <span class='ocrx_word' id='word_1_50' title='bbox 975 1053 1463 1158; x_wconf 83' lang='lat' dir='ltr'>argillaceum</span> <span class='ocrx_word' id='word_1_51' title='bbox 1522 1054 1691 1130; x_wconf 90' lang='lat' dir='ltr'>heic</span> <span class='ocrx_word' id='word_1_52' title='bbox 1762 1053 1908 1131; x_wconf 84' lang='lat' dir='ltr'>effe</span> <span class='ocrx_word' id='word_1_53' title='bbox 1986 1053 2491 1156; x_wconf 82' lang='lat' dir='ltr'>peregrinum</span> 
     </span>
     <span class='ocr_line' id='line_1_9' title="bbox 590 1152 2495 1254; baseline -0.003 -20"><span class='ocrx_word' id='word_1_54' title='bbox 590 1158 1067 1248; x_wconf 85' lang='lat' dir='ltr'>immixtum,</span> <span class='ocrx_word' id='word_1_55' title='bbox 1138 1152 1233 1229; x_wconf 89' lang='lat' dir='ltr'>ad</span> <span class='ocrx_word' id='word_1_56' title='bbox 1311 1153 1689 1254; x_wconf 82' lang='lat' dir='ltr'>liquorem</span> <span class='ocrx_word' id='word_1_57' title='bbox 1778 1154 2067 1232; x_wconf 88' lang='lat' dir='ltr'>filicum</span> <span class='ocrx_word' id='word_1_58' title='bbox 2163 1155 2495 1230; x_wconf 89' lang='lat' dir='ltr'>minime</span> 
     </span>
     <span class='ocr_line' id='line_1_10' title="bbox 586 1250 2494 1353; baseline -0.005 -17"><span class='ocrx_word' id='word_1_59' title='bbox 586 1254 1002 1349; x_wconf 66' lang='lat' dir='ltr'>,necessario</span> <span class='ocrx_word' id='word_1_60' title='bbox 1051 1253 1462 1353; x_wconf 83' lang='lat' dir='ltr'>pertinenS.</span> <span class='ocrx_word' id='word_1_61' title='bbox 1565 1256 1641 1330; x_wconf 91' lang='lat' dir='ltr'>Si</span> <span class='ocrx_word' id='word_1_62' title='bbox 1694 1251 1882 1332; x_wconf 80' lang='lat' dir='ltr'>fusio</span> <span class='ocrx_word' id='word_1_63' title='bbox 1932 1259 2011 1330; x_wconf 89' lang='lat' dir='ltr'>in</span> <span class='ocrx_word' id='word_1_64' title='bbox 2096 1251 2269 1330; x_wconf 90' lang='lat' dir='ltr'>vase</span> <span class='ocrx_word' id='word_1_65' title='bbox 2340 1250 2494 1328; x_wconf 87' lang='lat' dir='ltr'>fer·</span> 
     </span>
     <span class='ocr_line' id='line_1_11' title="bbox 593 1354 2495 1459; baseline -0.004 -24"><span class='ocrx_word' id='word_1_66' title='bbox 593 1383 729 1436; x_wconf 92' lang='lat' dir='ltr'>reo</span> <span class='ocrx_word' id='word_1_67' title='bbox 785 1356 1216 1459; x_wconf 70' lang='lat' dir='ltr'>peracitur,</span> <span class='ocrx_word' id='word_1_68' title='bbox 1257 1355 1402 1432; x_wconf 88' lang='lat' dir='ltr'>tale</span> <span class='ocrx_word' id='word_1_69' title='bbox 1470 1357 2120 1454; x_wconf 84' lang='lat' dir='ltr'>inquinamentum</span> <span class='ocrx_word' id='word_1_70' title='bbox 2189 1354 2495 1456; x_wconf 80' lang='lat' dir='ltr'>argilla-</span> 
     </span>
     <span class='ocr_line' id='line_1_12' title="bbox 595 1421 2497 1555; baseline -0.004 -20"><span class='ocrx_word' id='word_1_71' title='bbox 595 1483 813 1535; x_wconf 89' lang='lat' dir='ltr'>ceum</span> <span class='ocrx_word' id='word_1_72' title='bbox 854 1421 1308 1548; x_wconf 66' lang='lat' dir='ltr'>deffderatur</span> <span class='ocrx_word' id='word_1_73' title='bbox 1341 1508 1364 1545; x_wconf 88' lang='lat'>‚</span> <span class='ocrx_word' id='word_1_74' title='bbox 1423 1457 1717 1555; x_wconf 89' lang='lat' dir='ltr'>quoties</span> <span class='ocrx_word' id='word_1_75' title='bbox 1800 1457 2050 1533; x_wconf 85' lang='lat' dir='ltr'>lubeat</span> <span class='ocrx_word' id='word_1_76' title='bbox 2112 1455 2497 1555; x_wconf 87' lang='lat' dir='ltr'>operatio·</span> 
     </span>
     <span class='ocr_line' id='line_1_13' title="bbox 592 1554 2497 1657; baseline -0.004 -20"><span class='ocrx_word' id='word_1_77' title='bbox 592 1585 773 1636; x_wconf 89' lang='lat' dir='ltr'>nem</span> <span class='ocrx_word' id='word_1_78' title='bbox 823 1575 1192 1657; x_wconf 89' lang='lat' dir='ltr'>repetere.</span> <span class='ocrx_word' id='word_1_79' title='bbox 1296 1554 1529 1630; x_wconf 88' lang='lat' dir='ltr'>Adest</span> <span class='ocrx_word' id='word_1_80' title='bbox 1582 1555 1891 1652; x_wconf 89' lang='lat' dir='ltr'>quidem</span> <span class='ocrx_word' id='word_1_81' title='bbox 1942 1556 2186 1632; x_wconf 89' lang='lat' dir='ltr'>nihilo</span> <span class='ocrx_word' id='word_1_82' title='bbox 2238 1557 2497 1630; x_wconf 82' lang='lat' dir='ltr'>minus</span> 
     </span>
     <span class='ocr_line' id='line_1_14' title="bbox 591 1656 2499 1764; baseline -0.004 -26"><span class='ocrx_word' id='word_1_83' title='bbox 591 1659 975 1764; x_wconf 81' lang='lat' dir='ltr'>argillacei</span> <span class='ocrx_word' id='word_1_84' title='bbox 1029 1656 1543 1756; x_wconf 85' lang='lat' dir='ltr'>portiuncula,</span> <span class='ocrx_word' id='word_1_85' title='bbox 1593 1656 1721 1732; x_wconf 91' lang='lat' dir='ltr'>sed</span> <span class='ocrx_word' id='word_1_86' title='bbox 1774 1680 2141 1758; x_wconf 87' lang='lat' dir='ltr'>perquam</span> <span class='ocrx_word' id='word_1_87' title='bbox 2172 1656 2499 1757; x_wconf 82' lang='lat' dir='ltr'>exigua,</span> 
     </span>
     <span class='ocr_line' id='line_1_15' title="bbox 591 1753 2499 1862; baseline -0.004 -25"><span class='ocrx_word' id='word_1_88' title='bbox 591 1787 761 1862; x_wconf 88' lang='lat' dir='ltr'>quae</span> <span class='ocrx_word' id='word_1_89' title='bbox 815 1761 838 1834; x_wconf 92' lang='lat' dir='ltr'>i</span> <span class='ocrx_word' id='word_1_90' title='bbox 897 1757 949 1831; x_wconf 84' lang='lat' dir='ltr'><strong>fi</strong></span> <span class='ocrx_word' id='word_1_91' title='bbox 1030 1753 1336 1854; x_wconf 88' lang='lat' dir='ltr'>quartso</span> <span class='ocrx_word' id='word_1_92' title='bbox 1415 1755 1727 1856; x_wconf 81' lang='lat' dir='ltr'>semper</span> <span class='ocrx_word' id='word_1_93' title='bbox 1796 1757 2135 1837; x_wconf 82' lang='lat' dir='ltr'>inhaeret.</span> <span class='ocrx_word' id='word_1_94' title='bbox 2243 1757 2499 1832; x_wconf 86' lang='lat' dir='ltr'>Terra</span> 
     </span>
     <span class='ocr_line' id='line_1_16' title="bbox 589 1786 2501 1958; baseline -0.004 -20"><span class='ocrx_word' id='word_1_95' title='bbox 589 1885 788 1938; x_wconf 86' lang='lat' dir='ltr'>vero</span> <span class='ocrx_word' id='word_1_96' title='bbox 839 1786 1078 1933; x_wconf 50' lang='lat' dir='ltr'>{licea</span> <span class='ocrx_word' id='word_1_97' title='bbox 1127 1879 1168 1929; x_wconf 90' lang='lat' dir='ltr'>e</span> <span class='ocrx_word' id='word_1_98' title='bbox 1213 1856 1507 1954; x_wconf 91' lang='lat' dir='ltr'>liquore</span> <span class='ocrx_word' id='word_1_99' title='bbox 1557 1857 1837 1932; x_wconf 84' lang='lat' dir='ltr'>filicum</span> <span class='ocrx_word' id='word_1_100' title='bbox 1887 1851 2363 1958; x_wconf 68' lang='lat' dir='ltr'>praecipitata</span> <span class='ocrx_word' id='word_1_101' title='bbox 2412 1853 2501 1930; x_wconf 79' lang='grc' dir='ltr'>ὅτ.</span> 
     </span>
     <span class='ocr_line' id='line_1_17' title="bbox 591 1953 2501 2056; baseline -0.004 -20"><span class='ocrx_word' id='word_1_102' title='bbox 591 1960 978 2036; x_wconf 85' lang='lat' dir='ltr'>mediante</span> <span class='ocrx_word' id='word_1_103' title='bbox 1034 1953 1256 2029; x_wconf 90' lang='lat' dir='ltr'>acido</span> <span class='ocrx_word' id='word_1_104' title='bbox 1319 1953 1631 2054; x_wconf 84' lang='lat' dir='ltr'>spoliata</span> <span class='ocrx_word' id='word_1_105' title='bbox 1686 1960 1905 2032; x_wconf 86' lang='lat' dir='ltr'>omni</span> <span class='ocrx_word' id='word_1_106' title='bbox 1958 1959 2501 2056; x_wconf 78' lang='lat' dir='ltr'>heterogeneo</span> 
     </span>
     <span class='ocr_line' id='line_1_18' title="bbox 594 2051 2501 2153; baseline -0.003 -17"><span class='ocrx_word' id='word_1_107' title='bbox 594 2058 933 2144; x_wconf 85' lang='lat' dir='ltr'>solubili,</span> <span class='ocrx_word' id='word_1_108' title='bbox 983 2051 1240 2153; x_wconf 88' lang='lat' dir='ltr'>postea</span> <span class='ocrx_word' id='word_1_109' title='bbox 1284 2079 1459 2130; x_wconf 88' lang='lat' dir='ltr'>cum</span> <span class='ocrx_word' id='word_1_110' title='bbox 1509 2057 1731 2132; x_wconf 86' lang='lat' dir='ltr'>alkali</span> <span class='ocrx_word' id='word_1_111' title='bbox 1786 2057 1945 2134; x_wconf 85' lang='lat' dir='ltr'>fixo</span> <span class='ocrx_word' id='word_1_112' title='bbox 1987 2069 2069 2133; x_wconf 86' lang='lat' dir='ltr'>in</span> <span class='ocrx_word' id='word_1_113' title='bbox 2110 2059 2287 2132; x_wconf 83' lang='lat' dir='ltr'>vase</span> <span class='ocrx_word' id='word_1_114' title='bbox 2341 2055 2501 2132; x_wconf 90' lang='lat' dir='ltr'>fer-</span> 
     </span>
     <span class='ocr_line' id='line_1_19' title="bbox 591 2152 2505 2258; baseline -0.003 -21"><span class='ocrx_word' id='word_1_115' title='bbox 591 2183 732 2238; x_wconf 87' lang='lat' dir='ltr'>reo</span> <span class='ocrx_word' id='word_1_116' title='bbox 773 2158 896 2234; x_wconf 90' lang='lat' dir='ltr'>vel</span> <span class='ocrx_word' id='word_1_117' title='bbox 953 2157 1202 2232; x_wconf 87' lang='lat' dir='ltr'>decies</span> <span class='ocrx_word' id='word_1_118' title='bbox 1269 2152 1465 2245; x_wconf 91' lang='lat' dir='ltr'>fusa,</span> <span class='ocrx_word' id='word_1_119' title='bbox 1530 2181 1627 2232; x_wconf 88' lang='lat' dir='ltr'>ne</span> <span class='ocrx_word' id='word_1_120' title='bbox 1700 2156 1939 2233; x_wconf 88' lang='lat' dir='ltr'>hilum</span> <span class='ocrx_word' id='word_1_121' title='bbox 2005 2156 2321 2258; x_wconf 88' lang='lat' dir='ltr'>quidem</span> <span class='ocrx_word' id='word_1_122' title='bbox 2384 2166 2505 2232; x_wconf 80' lang='lat' dir='ltr'>ar-</span> 
     </span>
     <span class='ocr_line' id='line_1_20' title="bbox 593 2254 2507 2366; baseline -0.001 -34"><span class='ocrx_word' id='word_1_123' title='bbox 593 2258 798 2366; x_wconf 84' lang='lat' dir='ltr'>gillae</span> <span class='ocrx_word' id='word_1_124' title='bbox 907 2258 1201 2360; x_wconf 85' lang='lat' dir='ltr'>orrigit.</span> <span class='ocrx_word' id='word_1_125' title='bbox 1305 2255 1417 2330; x_wconf 90' lang='lat' dir='ltr'>Hi</span> <span class='ocrx_word' id='word_1_126' title='bbox 1465 2255 1739 2333; x_wconf 75' lang='lat' dir='ltr'>diversi</span> <span class='ocrx_word' id='word_1_127' title='bbox 1784 2257 1986 2336; x_wconf 86' lang='lat' dir='ltr'>casus</span> <span class='ocrx_word' id='word_1_128' title='bbox 2032 2258 2279 2360; x_wconf 88' lang='lat' dir='ltr'>probe</span> <span class='ocrx_word' id='word_1_129' title='bbox 2328 2254 2507 2333; x_wconf 88' lang='lat' dir='ltr'>sunt</span> 
     </span>
     <span class='ocr_line' id='line_1_21' title="bbox 591 2354 2505 2462; baseline -0.003 -24"><span class='ocrx_word' id='word_1_130' title='bbox 591 2383 830 2439; x_wconf 86' lang='lat' dir='ltr'>notan</span> <span class='ocrx_word' id='word_1_131' title='bbox 889 2364 966 2453; x_wconf 86' lang='lat' dir='ltr'>i,</span> <span class='ocrx_word' id='word_1_132' title='bbox 1013 2381 1110 2433; x_wconf 89' lang='lat' dir='ltr'>ne</span> <span class='ocrx_word' id='word_1_133' title='bbox 1165 2354 1489 2433; x_wconf 86' lang='lat' dir='ltr'>filiceam</span> <span class='ocrx_word' id='word_1_134' title='bbox 1544 2379 1825 2433; x_wconf 87' lang='lat' dir='ltr'>terram</span> <span class='ocrx_word' id='word_1_135' title='bbox 1872 2359 1953 2435; x_wconf 86' lang='lat' dir='ltr'>in</span> <span class='ocrx_word' id='word_1_136' title='bbox 2006 2358 2505 2462; x_wconf 85' lang='lat' dir='ltr'>argillaceam</span> 
     </span>
     <span class='ocr_line' id='line_1_22' title="bbox 593 2458 1805 2542; baseline -0.009 0"><span class='ocrx_word' id='word_1_137' title='bbox 593 2461 882 2542; x_wconf 82' lang='lat' dir='ltr'>r‘esolvi</span> <span class='ocrx_word' id='word_1_138' title='bbox 937 2458 1326 2535; x_wconf 87' lang='lat' dir='ltr'>immerito</span> <span class='ocrx_word' id='word_1_139' title='bbox 1382 2458 1805 2533; x_wconf 85' lang='lat' dir='ltr'>credamus.</span> 
     </span>
    </p>
   </div>
   <div class='ocr_carea' id='block_1_3' title="bbox 637 2614 2508 2727">
    <p class='ocr_par' dir='ltr' id='par_1_3' title="bbox 637 2614 2508 2727">
     <span class='ocr_line' id='line_1_23' title="bbox 637 2614 2508 2727; baseline 0.001 -24"><span class='ocrx_word' id='word_1_140' title='bbox 637 2614 682 2627; x_wconf 53' lang='lat'>⁸</span> <span class='ocrx_word' id='word_1_141' title='bbox 745 2630 980 2727; x_wconf 74' lang='lat' dir='ltr'>QJon</span> <span class='ocrx_word' id='word_1_142' title='bbox 1035 2626 1364 2701; x_wconf 90' lang='lat' dir='ltr'>filiceum</span> <span class='ocrx_word' id='word_1_143' title='bbox 1407 2623 1765 2724; x_wconf 83' lang='lat' dir='ltr'>peculiari</span> <span class='ocrx_word' id='word_1_144' title='bbox 1820 2625 2229 2703; x_wconf 87' lang='lat' dir='ltr'>encheirefi</span> <span class='ocrx_word' id='word_1_145' title='bbox 2282 2628 2508 2705; x_wconf 82' lang='lat' dir='ltr'>acida</span> 
     </span>
    </p>
   </div>
   <div class='ocr_carea' id='block_1_4' title="bbox 591 2723 2509 2927">
    <p class='ocr_par' dir='ltr' id='par_1_4' title="bbox 591 2723 2509 2927">
     <span class='ocr_line' id='line_1_24' title="bbox 591 2723 2509 2833; baseline 0.001 -30"><span class='ocrx_word' id='word_1_146' title='bbox 591 2726 842 2803; x_wconf 78' lang='lat' dir='ltr'>{ubire</span> <span class='ocrx_word' id='word_1_147' title='bbox 895 2728 1281 2819; x_wconf 82' lang='lat' dir='ltr'>videatur,</span> <span class='ocrx_word' id='word_1_148' title='bbox 1339 2750 1525 2802; x_wconf 87' lang='lat' dir='ltr'>mox</span> <span class='ocrx_word' id='word_1_149' title='bbox 1582 2727 1663 2801; x_wconf 87' lang='lat' dir='ltr'>in</span> <span class='ocrx_word' id='word_1_150' title='bbox 1715 2723 2192 2824; x_wconf 86' lang='lat' dir='ltr'>sequentibus</span> <span class='ocrx_word' id='word_1_151' title='bbox 2252 2731 2509 2833; x_wconf 87' lang='lat' dir='ltr'>expli·</span> 
     </span>
     <span class='ocr_line' id='line_1_25' title="bbox 592 2825 1397 2927; baseline 0.004 -24"><span class='ocrx_word' id='word_1_152' title='bbox 592 2827 884 2903; x_wconf 82' lang='lat' dir='ltr'>cabitur</span> <span class='ocrx_word' id='word_1_153' title='bbox 930 2826 1024 2925; x_wconf 84' lang='lat'>(§.</span> <span class='ocrx_word' id='word_1_154' title='bbox 1069 2825 1185 2899; x_wconf 93' lang='lat' dir='ltr'>IV</span> <span class='ocrx_word' id='word_1_155' title='bbox 1209 2876 1236 2919; x_wconf 84' lang='lat'>‚</span> <span class='ocrx_word' id='word_1_156' title='bbox 1285 2828 1397 2927; x_wconf 84' lang='lat' dir='ltr'>C).</span> 
     </span>
    </p>
   </div>
   <div class='ocr_carea' id='block_1_5' title="bbox 585 2990 2519 3699">
    <p class='ocr_par' dir='ltr' id='par_1_5' title="bbox 585 2990 2519 3699">
     <span class='ocr_line' id='line_1_26' title="bbox 737 2990 2511 3096; baseline 0.006 -33"><span class='ocrx_word' id='word_1_157' title='bbox 737 2990 838 3088; x_wconf 79' lang='lat' dir='ltr'>B)</span> <span class='ocrx_word' id='word_1_158' title='bbox 892 2994 1204 3066; x_wconf 68' lang='lat' dir='ltr'>Acmon</span> <span class='ocrx_word' id='word_1_159' title='bbox 1272 2993 1537 3068; x_wconf 86' lang='lat' dir='ltr'>fluoris</span> <span class='ocrx_word' id='word_1_160' title='bbox 1606 2993 1988 3072; x_wconf 85' lang='lat' dir='ltr'>mineralis</span> <span class='ocrx_word' id='word_1_161' title='bbox 2072 3018 2511 3096; x_wconf 83' lang='lat' dir='ltr'>numquam</span> 
     </span>
     <span class='ocr_line' id='line_1_27' title="bbox 587 3088 2517 3196; baseline 0.004 -29"><span class='ocrx_word' id='word_1_162' title='bbox 587 3088 932 3193; x_wconf 57' lang='lat' dir='ltr'>perfecie</span> <span class='ocrx_word' id='word_1_163' title='bbox 989 3111 1190 3167; x_wconf 80' lang='lat' dir='ltr'>terra</span> <span class='ocrx_word' id='word_1_164' title='bbox 1253 3092 1497 3170; x_wconf 88' lang='lat' dir='ltr'>filicea</span> <span class='ocrx_word' id='word_1_165' title='bbox 1550 3092 1945 3193; x_wconf 89' lang='lat' dir='ltr'>spoliatum</span> <span class='ocrx_word' id='word_1_166' title='bbox 2012 3097 2449 3196; x_wconf 83' lang='lat' dir='ltr'>adquiritur</span> <span class='ocrx_word' id='word_1_167' title='bbox 2488 3154 2517 3191; x_wconf 88' lang='lat'>‚</span> 
     </span>
     <span class='ocr_line' id='line_1_28' title="bbox 590 3190 2515 3293; baseline 0.004 -25"><span class='ocrx_word' id='word_1_168' title='bbox 590 3190 920 3291; x_wconf 88' lang='lat' dir='ltr'>ideoque</span> <span class='ocrx_word' id='word_1_169' title='bbox 981 3215 1066 3269; x_wconf 89' lang='lat' dir='ltr'>ut</span> <span class='ocrx_word' id='word_1_170' title='bbox 1155 3191 1324 3293; x_wconf 89' lang='lat' dir='ltr'>plus</span> <span class='ocrx_word' id='word_1_171' title='bbox 1382 3197 1631 3269; x_wconf 84' lang='lat' dir='ltr'>minus</span> <span class='ocrx_word' id='word_1_172' title='bbox 1707 3218 1793 3271; x_wconf 89' lang='lat' dir='ltr'>ea</span> <span class='ocrx_word' id='word_1_173' title='bbox 1854 3196 2203 3273; x_wconf 89' lang='lat' dir='ltr'>onustum</span> <span class='ocrx_word' id='word_1_174' title='bbox 2234 3244 2259 3293; x_wconf 63' lang='lat'>5</span> <span class='ocrx_word' id='word_1_175' title='bbox 2336 3225 2515 3275; x_wconf 88' lang='lat' dir='ltr'>non</span> 
     </span>
     <span class='ocr_line' id='line_1_29' title="bbox 587 3292 2517 3395; baseline 0.006 -29"><span class='ocrx_word' id='word_1_176' title='bbox 587 3292 838 3395; x_wconf 81' lang='lat' dir='ltr'>potest</span> <span class='ocrx_word' id='word_1_177' title='bbox 896 3316 1054 3368; x_wconf 89' lang='lat' dir='ltr'>non</span> <span class='ocrx_word' id='word_1_178' title='bbox 1105 3292 1342 3369; x_wconf 87' lang='lat' dir='ltr'>hebes</span> <span class='ocrx_word' id='word_1_179' title='bbox 1384 3296 1725 3395; x_wconf 86' lang='lat' dir='ltr'>reperiri.</span> <span class='ocrx_word' id='word_1_180' title='bbox 1826 3298 2030 3373; x_wconf 90' lang='lat' dir='ltr'>Heic</span> <span class='ocrx_word' id='word_1_181' title='bbox 2107 3297 2517 3378; x_wconf 76' lang='lat' dir='ltr'>adnotass&#39;e</span> 
     </span>
     <span class='ocr_line' id='line_1_30' title="bbox 585 3392 2515 3501; baseline 0.004 -32"><span class='ocrx_word' id='word_1_182' title='bbox 585 3396 848 3495; x_wconf 88' lang='lat' dir='ltr'>juvat,</span> <span class='ocrx_word' id='word_1_183' title='bbox 896 3392 1228 3469; x_wconf 87' lang='lat' dir='ltr'>filiceum</span> <span class='ocrx_word' id='word_1_184' title='bbox 1279 3396 1583 3482; x_wconf 88' lang='lat' dir='ltr'>vocari,</span> <span class='ocrx_word' id='word_1_185' title='bbox 1656 3397 1863 3492; x_wconf 90' lang='lat' dir='ltr'>quod</span> <span class='ocrx_word' id='word_1_186' title='bbox 1909 3398 2031 3471; x_wconf 90' lang='lat' dir='ltr'>vel</span> <span class='ocrx_word' id='word_1_187' title='bbox 2070 3400 2155 3473; x_wconf 91' lang='lat' dir='ltr'>in</span> <span class='ocrx_word' id='word_1_188' title='bbox 2218 3403 2515 3501; x_wconf 89' lang='lat' dir='ltr'>recipi·</span> 
     </span>
     <span class='ocr_line' id='line_1_31' title="bbox 587 3491 2519 3603; baseline 0.004 -33"><span class='ocrx_word' id='word_1_189' title='bbox 587 3514 767 3571; x_wconf 75' lang='lat' dir='ltr'>ente</span> <span class='ocrx_word' id='word_1_190' title='bbox 819 3491 953 3567; x_wconf 90' lang='lat' dir='ltr'>sub</span> <span class='ocrx_word' id='word_1_191' title='bbox 993 3492 1482 3570; x_wconf 86' lang='lat' dir='ltr'>destillatione</span> <span class='ocrx_word' id='word_1_192' title='bbox 1530 3494 1723 3569; x_wconf 86' lang='lat' dir='ltr'>acidi</span> <span class='ocrx_word' id='word_1_193' title='bbox 1770 3496 2031 3572; x_wconf 84' lang='lat' dir='ltr'>fluoris</span> <span class='ocrx_word' id='word_1_194' title='bbox 2084 3500 2519 3603; x_wconf 85' lang='lat' dir='ltr'>colligitur,</span> 
     </span>
     <span class='ocr_line' id='line_1_32' title="bbox 589 3590 2517 3699; baseline 0.002 -26"><span class='ocrx_word' id='word_1_195' title='bbox 589 3596 714 3675; x_wconf 79' lang='lat' dir='ltr'>vel</span> <span class='ocrx_word' id='word_1_196' title='bbox 763 3590 946 3671; x_wconf 84' lang='lat' dir='ltr'>dein</span> <span class='ocrx_word' id='word_1_197' title='bbox 999 3594 1090 3671; x_wconf 82' lang='lat' dir='ltr'>ab</span> <span class='ocrx_word' id='word_1_198' title='bbox 1143 3596 1421 3673; x_wconf 86' lang='lat' dir='ltr'>eodem</span> <span class='ocrx_word' id='word_1_199' title='bbox 1470 3593 1899 3696; x_wconf 87' lang='lat' dir='ltr'>deponitur.</span> <span class='ocrx_word' id='word_1_200' title='bbox 2002 3598 2229 3677; x_wconf 86' lang='lat' dir='ltr'>Ratio</span> <span class='ocrx_word' id='word_1_201' title='bbox 2276 3604 2517 3699; x_wconf 86' lang='lat' dir='ltr'>hujus</span> 
     </span>
    </p>
   </div>
   <div class='ocr_carea' id='block_1_6' title="bbox 2374 3704 2515 3781">
    <p class='ocr_par' dir='ltr' id='par_1_6' title="bbox 2374 3704 2515 3781">
     <span class='ocr_line' id='line_1_33' title="bbox 2374 3704 2515 3781; baseline 0.014 -2"><span class='ocrx_word' id='word_1_202' title='bbox 2374 3704 2515 3781; x_wconf 88' lang='lat' dir='ltr'>de-</span> 
     </span>
    </p>
   </div>
   <div class='ocr_carea' id='block_1_7' title="bbox 2693 1161 2701 1810">
    <p class='ocr_par' dir='ltr' id='par_1_7' title="bbox 2693 1161 2701 1810">
     <span class='ocr_line' id='line_1_34' title="bbox 2693 1161 2701 1810; baseline 0 0"><span class='ocrx_word' id='word_1_203' title='bbox 2693 1161 2701 1810; x_wconf 95' lang='lat' dir='ltr'> </span> 
     </span>
    </p>
   </div>
  </div>
 </body>
</html>
