2760 4749
912 275 1037 366 De
1099 257 1513 391 Arfiniw.
1746 391 1750 403 ,
2005 313 2167 398 279

330 483 640 564 rescens.
744 486 1042 565 Duritie
1090 516 1404 592 cuprum
1444 490 1793 592 superare
1845 495 2168 574 videtur:

302 589 673 694 tagilitate
728 591 1229 668 antimonium
1284 594 1693 671 aemulatur.

298 849 307 858 ,
426 775 645 848 Am
698 797 996 874 quoque
1066 799 1161 852 ex
1227 775 1569 854 arsenico
1636 777 1807 854 albo
1873 775 2168 875 adquiri

266 874 511 976 potest
560 875 917 977 regulus,
976 877 1096 953 vel
1177 875 1646 971 sublimando
1715 904 1883 954 cum
1949 882 2167 971 olen,

268 974 479 1051 fluxu
530 979 793 1076 nigm,
859 977 1106 1054 aliove
1173 978 1630 1082 phlogistico
1695 979 2169 1054 additamen-

265 1097 389 1174 10‚
442 1075 565 1152 vel
624 1077 1017 1154 tundendo
1068 1104 1239 1156 cum
1294 1080 1528 1181 duplo
1585 1078 2013 1181 saponis&
2065 1079 2169 1152 ci-

265 1201 538 1252 nerum
595 1179 1195 1277 clavellatorum,
1242 1182 1363 1258 vel
1433 1180 1761 1280 denique
1827 1181 2170 1282 praecipi·

263 1279 503 1354 tando
561 1279 939 1358 mediante
988 1281 1135 1357 alio
1182 1281 1488 1358 metallo
1543 1307 1639 1358 ex
1685 1281 2168 1358 'sandaracha

265 1378 392 1454 vel
446 1381 998 1484 auripigmento
1053 1407 1223 1458 cum
1272 1382 1626 1485 sulphure
1678 1384 1758 1460 δι
1809 1383 2030 1458 alkali
2081 1379 2167 1462 fi-

262 1503 372 1556 xo
428 1477 617 1562 fufis,
726 1481 877 1581 Qii
935 1485 1190 1583 primo
1240 1486 1624 1565 obtinetur
1699 1485 1936 1558 modo
1999 1507 2171 1584 cry·

262 1579 628 1657 stallinam
682 1581 911 1658 habet
962 1582 1337 1676 formam,
1417 1584 1584 1685 plus
1639 1587 1884 1659 minus
1941 1589 2167 1686 regu.-

260 1683 540 1772 larem‚
581 1681 1124 1774 osta‘e‘dricam,
1163 1683 1716 1784 pyramidalem
1770 1685 1886 1759 vel
1937 1687 2164 1759 etiam

260 1781 802 1883 prismaticam.
908 1786 1298 1862 Interdum
1358 1784 1643 1861 venalis
1704 1784 1989 1886 prostat
2055 1809 2167 1860 re·

262 1883 487 1986 gulus
549 1884 949 1961 artificialis
1008 1885 1272 1980 craffas
1340 1883 1680 1963 referens
1763 1885 2165 1986 placentas.

261 1985 629 2062 Gravitas
714 1984 1060 2086 specifica
1127 1989 1421 2063 ratione
1503 2011 1712 2086 aquae
1785 1985 2166 2062 destillatae

261 2082 369 2160 est
424 2101 684 2181 8310,
730 2085 1055 2186 ideoque
1104 2088 1358 2189 pollex
1414 2088 1714 2164 cubicus
1753 2089 2166 2189 geometri·

264 2211 395 2265 cus
440 2198 525 2266 16
557 2190 860 2264 circiter
889 2188 1329 2272 lothonibus
1356 2187 1701 2290 pondere
1729 2188 2162 2288 aequavalet.

416 2372 814 2453 Resurmo
878 2374 1153 2449 merito
1206 2371 1734 2449 adnumeratur
1773 2370 2163 2463 minerale,

262 2472 501 2575 vulgo
554 2473 931 2649 Adiipickel
978 2472 1303 2561 distum,
1340 2474 1624 2574 quippe
1673 2472 1904 2570 quod,
1946 2474 2164 2547 omni

260 2577 643 2690 privatum
713 2574 1058 2675 ulphure,
1096 2574 1431 2651 arsenico
1474 2570 1758 2649 constat
1799 2572 2161 2670 ferroque

262 2699 345 2750 in
395 2674 647 2750 forma
698 2676 1064 2751 metallica
1120 2678 1395 2766 unitis,
1442 2674 1521 2753 &
1569 2674 1744 2748 licet
1793 2671 2162 2773 posterius

254 2778 673 2864 'anaticam‚
734 2778 977 2853 immo
1030 2774 1411 2871 interdum
1459 2776 1639 2849 duas
1692 2777 1948 2849 tertias
1996 2799 2158 2875 par·

261 2896 377 2951 tes
436 2874 749 2969 efficiat,
827 2900 1139 2981 magnes
1217 2899 1472 2951 tamen
1543 2872 1723 2951 illud
1795 2876 2212 2975 repudiat.x

264 2977 448 3055 Hoc
519 2978 843 3078 ignitum
901 2977 1384 3055 arseniealem
1459 2974 1654 3052 efflat
1715 2974 2005 3051 fumum
2078 2977 2161 3052 &

261 3102 451 3155 mox
500 3080 835 3180 magneti
876 3078 963 3157 fit
1015 3074 1541 3179 obsequiosum
1575 3128 1599 3168 ‚
1658 3076 1832 3152 licet
1892 3100 2160 3177 opera-

258 3180 375 3257 tio
445 3179 522 3253 in
592 3179 836 3280 tigillo
904 3178 1055 3257 sine
1116 3182 1329 3255 omni
1391 3176 1775 3279 phlogisto
1846 3202 2160 3281 peraga-

260 3298 404 3358 tur.
488 3280 717 3357 Haud
786 3278 1183 3359 difficulter
1264 3284 1442 3384 igne
1509 3278 1667 3355 fluit
1724 3278 1803 3357 &
1860 3282 1934 3354 in
1985 3276 2160 3355 vase

262 3379 512 3455 clauso
568 3382 897 3465 maxima
945 3381 1258 3461 arsenici
1311 3358 1637 3483 regtfllini
1689 3404 1864 3480 pars
1947 3379 2157 3477 supe-

258 3482 464 3559 riora
526 3485 772 3591 petit,
844 3482 1105 3559 reneio
1161 3486 1236 3555 in
1318 3480 1556 3560 fundo
1628 3479 1860 3557 ferro,
1969 3480 2157 3555 Tale

262 3584 489 3659 etiam
544 3606 699 3658 arte
754 3584 1028 3660 confici
1085 3581 1351 3684 potest.

1134 3752 1181 3829 S
1237 3776 1288 3846 4
2005 3748 2154 3825 Aa·

2721 3957 2727 4035 -——
2723 3929 2729 3942 -
2725 3733 2735 3898 ———-—
2731 3623 2739 3720 —-.-—
