2760 4749
544 316 669 413 De
732 312 1271 437 Praecipitatis
1320 317 1821 417 Metallicin
1983 336 2152 439 381·

242 534 354 614 sal
406 539 671 614 enixus
711 538 884 615 heic
937 480 1129 636 'nihil
1199 539 1442 627 valet,
1505 534 1632 613 sed
1698 539 1864 615 haec
1929 538 2145 641 phae-

236 662 586 715 nomena
635 640 810 716 alibi
850 643 1174 715 curatius
1234 636 1697 715 considerata
1756 640 1923 715 sunt
1954 646 2068 740 p).

410 804 517 901 D)
558 804 795 879 -ScAuzs
842 806 1070 881 etiam
1120 802 1473 881 metallici
1515 801 1834 882 aliorum
1902 801 2144 881 divel-
2260 802 2268 806 ’

238 906 409 979 lere
462 902 767 1005 possunt
810 907 1186 1007 principia
1234 905 1313 982 δε
1366 906 1729 982 nonnulla
1793 905 2143 1004 dejicere.
2215 977 2225 987 ,

238 1008 437 1080 Hoc
500 1004 681 1080 fieri
756 1004 998 1106 potest
1071 1006 1224 1083 five
1281 1004 1579 1082 acidum
1656 1009 1735 1083 in
1821 1029 2144 1106 utroque

226 1108 333 1183 fit
382 1104 813 1279 diygrsum„
866 1104 1055 1201 five,
1106 1107 1314 1209 quod
1379 1108 1620 1211 magis
1691 1109 1956 1185 mirari
2014 1108 2144 1185 de-

235 1226 364 1283 cet
396 1262 419 1299 ‚
468 1228 499 1281 ι
560 1228 699 1286 em.
2029 1224 2041 1235 ‘

386 1354 835 1457 ¹&flauusque
903 1353 1105 1435 casus
1143 1358 1531 1461 ‘exempla
1599 1360 1965 1437 monstrat
2016 1360 2146 1437 So·

236 1462 436 1535 lutio
492 1462 667 1535 auri.
770 1446 995 1551 Ham,
1054 1464 1163 1536 uti
1239 1483 1509 1536 notum
1587 1462 1688 1537 est
1719 1515 1742 1553 ‚
1791 1462 2141 1537 ·vitriolo

230 1563 509 1635 ‘martis
560 1558 1071 1663 praecipitatur
1108 1617 1131 1651 ‚
1206 1563 1554 1660 quamvis
1620 1559 1860 1654 ra'tio,
1933 1560 2145 1658 quod

236 1660 481 1739 sciam
509 1714 534 1754 ‚
583 1686 740 1736 non
788 1662 969 1735 dum
1022 1659 1247 1737 fuerit
1299 1661 1739 1761 explanata,
1801 1683 1877 1737 at
1950 1660 2178 1745 sedi-v

238 1784 587 1839 mentum
637 1760 952 1837 sollicite
1004 1761 1513 1837 examinando
1563 1761 1722 1837 haee
1751 1760 1949 1837 haud
2001 1758 2145 1835 dif-
2197 1795 2205 1803 ¹
2273 1830 2280 1835 .

239 1864 539 1940 ficulter
580 1864 892 1939 eruitur.
998 1862 1298 1937 Scilicet
1346 1861 1529 1938 illud
1586 1863 1823 1941 lotum
1879 1861 1961 1938 &
2006 1861 2143 1938 fic·

238 1986 487 2043 catum
539 1988 695 2039 non
742 1964 1032 2038 tantum
1074 1960 1438 2065 plurimas
1491 1964 1855 2039 monstrat
1913 1966 2142 2065 parti·

238 2066 444 2143 culas
497 2067 656 2139 auri
701 2060 1267 2164 resplendentes
1344 2067 1645 2157 colore,
1714 2063 1843 2140 sed
1911 2066 2143 2143 etiam

232 2190 419 2243 cum
470 2164 975 2267 hydrargyro
1024 2166 1294 2240 tritura
1346 2166 1880 2268 conjungitur,
1955 2190 2145 2264 aqua

234 2291 327 2343 re
384 2269 445 2342 is
493 2265 845 2359 solvitur,
899 2290 1057 2343 non
1124 2287 1368 2341 autem
1445 2267 1662 2341 acido
1741 2269 2142 2342 muriatico

236 2368 325 2446 so
354 2394 449 2460 0,
503 2390 786 2460 cetera,
834 2391 999 2465 quae
1060 2366 1517 2467 completam
1589 2368 1749 2445 auri
1809 2364 2144 2466 formam

234 2467 623 2549 testantur.
740 2467 1155 2543 Vitriolum
1246 2470 1502 2548 martis
1577 2467 2143 2569 crystallisabile

236 2569 689 2674 phlogiston
745 2567 1000 2660 fovet,
1060 2566 1286 2645 valde
1346 2590 1592 2646 tamen
1659 2569 1826 2645 laxe
1891 2567 2143 2645 adhae-

236 2694 417 2748 rens
466 2673 541 2775 q)
574 2727 595 2762 ,
656 2669 847 2746 adeo
899 2691 987 2744 ut
1028 2668 1194 2744 calx
1248 2693 1470 2748 autea
1517 2668 1702 2747 illud
1753 2669 1974 2746 facile
2034 2694 2142 2750 ar·

238 2776 500 2874 ripere
552 2793 781 2870 queat
841 2767 921 2846 &
964 2769 1329 2859 damnum
1410 2769 1781 2850 solutione
1860 2769 2169 2852 fastum.

237 2874 623 2952 resarcire.
708 2867 943 2971 Qod
1002 2869 1153 2946 hoc
1206 2869 1295 2948 fit
1344 2896 1611 2950 verum
1673 2872 2184 2974 operationis·

240 2973 824 3052 fundamentum
865 2993 1137 3072 praeter
1189 2972 1403 3049 allata
1430 2976 1791 3050 evincunt
1837 2995 2140 3073 quoque

242 3075 469 3164 soluti
516 3072 843 3176 ponduS‚
888 3074 1490 3175 praecipitatione
1519 3069 1780 3150 exaRe
1827 3097 2144 3176 recupe-

166 3254 175 3262 ,
240 3199 495 3255 ratum
529 3233 553 3267 ‚
619 3173 701 3252 &
770 3177 1039 3252 inertia
1121 3169 1413 3270 vitrioli
1483 3173 2144 3279 dephl'bgisticati,

240 3280 508 3356 aurum
556 3300 717 3352 non
779 3275 1233 3375 dejicientis.
1337 3276 1509 3372 jure
1585 3297 1838 3354 autem
1910 3278 2145 3376 quaeri

240 3375 492 3481 potest
546 3375 797 3470 causa,
846 3377 951 3452 ob
1002 3401 1227 3478 quam
1280 3379 1758 3458 circumdans
1811 3402 1998 3480 aqua
2023 3399 2139 3453 re·

242 3483 359 3586 gis
409 3479 555 3558 tale
610 3476 1110 3560 sedimentum
1143 3481 1514 3580 relinquat
1561 3481 1942 3560 intaetum.
1993 3479 2139 3595 Roa-

2021 3599 2134 3654 tto

322 3754 388 3831 p)
432 3748 581 3810 nur:
612 3749 685 3812 de
727 3751 957 3812 maana.
1788 3779 1792 3784 -

331 3839 402 3918 q)
426 3833 647 3916 Opulc.
683 3834 797 3897 vol.
840 3835 900 3906 1.
944 3855 1079 3918 pag.
1128 3843 1246 3913 τες
1273 3877 1289 3907 .
1347 3847 1516 3920 329·
1545 3848 1686 3916 333.
