2760 4749
636 316 748 399 40
950 343 959 347 -
1198 283 1320 374 De
1369 304 1588 372 terra
1631 284 1928 389 silicea.

638 498 793 577 sam
851 494 1210 589 salinam,
1260 501 1336 575 in
1399 498 1772 598 liquorem
1806 500 2116 575 -filicum
2177 500 2520 601 delique·

639 599 997 676 scentem.
1102 598 1398 677 Paucis:
1465 604 1719 675 omnia
1783 600 2145 677 monstrat
2219 604 2524 678 criteria

638 700 890 791 filicei,
925 698 1007 775 &
1053 702 1131 774 iu
1182 700 1344 799 ipso
1385 699 1664 801 speculi
1714 700 2002 776 caustici
2052 701 2228 777 foco
2264 704 2522 778 eidem

642 804 1057 903 congruit,
1120 806 1229 876 uti
1286 800 1628 876 Celebris
1702 802 2093 898 MAchER
2159 827 2523 901 expertus

639 902 745 980 est
792 902 1273 1002 portiuncula
1320 900 1718 977 transmifli
1764 899 1992 978 filicei
2033 905 2391 1001 pulveriS,
2437 906 2525 981 in

638 996 1142 1081 Laboratorio
1192 1000 1607 1102 Upsalienfi
1656 1022 1811 1077 arte
1856 1005 2120 1104 parati.
2273 1000 2278 1005 ’

794 1156 1111 1233 PRAETER
1159 1152 1480 1229 filiceum
1531 1152 1680 1251 jam
1732 1176 2255 1243 memoratum,
2311 1154 2532 1253 quod

637 1258 1022 1363 praecipue
1073 1257 1152 1328 in
1206 1258 1622 1354 recipiente
1674 1258 2156 1346 occurrit‚’in
2211 1256 2405 1359 collo
2442 1256 2531 1336 &
2579 1288 2586 1297 ·

642 1382 836 1433 cavo
894 1356 1093 1431 bulbi
1160 1376 1466 1431 retortae
1529 1355 1769 1431 albida
1820 1356 2160 1455 pellicula
2221 1356 2530 1454 parieti-

638 1459 781 1533 bus
825 1455 1175 1537 adhaeret.
1248 1457 1436 1530 Haec
1474 1456 1858 1554 explorata
1907 1456 2094 1529 nihil
2137 1456 2334 1531 aliud
2372 1453 2531 1535 esse

641 1560 1077 1648 invenitur,
1148 1582 1369 1656 quam
1443 1554 1636 1630 fluor
1699 1557 2076 1630 mineralis
2139 1554 2532 1659 phlogisto

641 1660 812 1763 plus
884 1662 1131 1733 minue
1192 1659 1583 1757 privatus,
1662 1653 1790 1730 sed
1858 1659 2180 1756 proprio
2247 1660 2532 1751 acide,

643 1763 870 1837 etiam
925 1781 1278 1849 externe,
1330 1756 1698 1847 imbutuS‚
1755 1756 2199 1856 plerumque
2251 1784 2532 1860 parum

640 1861 776 1935 vel
832 1860 1018 1934 nihil
1080 1858 1329 1933 filiceo
1400 1860 1874 1954 inquinatus-3,
1944 1858 2267 1956 ideoque
2341 1859 2530 1934 tubo

642 1960 1274 2037 ferruminatorio
1344 1956 1556 2031 facile
1608 1959 1687 2031 in
1753 1957 2080 2033 carbone
2136 1958 2530 2049 funditur,

647 2060 729 2135 &
789 2056 1050 2134 addito
1102 2056 1319 2133 acido
1375 2058 1756 2132 vitriolico
1795 2058 2003 2147 illud,
2051 2058 2258 2167 quod
2299 2084 2338 2134 a
2389 2059 2533 2139 fiu-

645 2182 783 2237 ore
839 2182 1118 2235 nomen
1182 2157 1446 2251 habet,
1497 2156 1801 2238 eruerat.
1899 2156 1907 2163 Χ

803 2315 881 2386 81
936 2310 1029 2388 ab
1069 2312 1295 2388 initio
1342 2306 1734 2387 destillatio
1768 2308 2164 2392 instituitur
2207 2310 2532 2408 anatica,

650 2413 877 2516 dupla
930 2413 1053 2489 vel
1100 2411 1345 2488 adhuc
1393 2413 1664 2510 majori
1715 2411 1910 2488 acidi
1947 2413 2304 2489 vitriolici
2346 2438 2536 2512 por·

646 2520 889 2608 tione,
916 2515 1179 2590 eadem
1227 2514 1758 2614 phaenomena‚
1788 2511 1913 2587 sed
1946 2511 2281 2588 fimiliter
2317 2511 2536 2591 aucta

649 2616 1136 2691 vehementia
1186 2633 1660 2714 comparent,
1715 2615 1958 2714 magis
2003 2614 2262 2690 fluoris
2315 2614 2540 2690 vola-

648 2714 1009 2806 tilisatur,
1080 2713 1160 2804 &
1230 2737 1865 2812 nonnumquam
1935 2714 2014 2788 in
2082 2713 2322 2816 ipsum
2391 2739 2537 2794 vas

647 2816 1029 2914 recipiens
1097 2812 1565 2890 transfertur.
1670 2814 1965 2892 Vitrum
2020 2812 2181 2890 fere
2232 2814 2540 2917 semper

654 2914 1126 3003 corroditur,
1174 2912 1290 3004 δε,
1343 2911 1397 2990 fi
1449 2936 1696 3005 tenue,
1749 2911 2203 3020 perforatur.
2305 2920 2543 3016 Aqua

654 3013 1140 3118 recipientiS,
1224 3038 1390 3112 quae
1458 3015 1704 3114 prima
1780 3015 2154 3092 methodo
2229 3013 2540 3095 acidum

655 3113 919 3191 fluoris
968 3115 1330 3188 ‘continet
1399 3138 1733 3205 merum,
1787 3114 1928 3195 hac
1994 3140 2141 3218 pro
2208 3139 2295 3194 re
2361 3139 2544 3196 nata

652 3213 824 3314 plus
872 3213 1121 3287 minus
1170 3213 1552 3288 vitriolico
1599 3213 1809 3293 fimul
1865 3219 2363 3293 contaminari
2416 3217 2542 3294 so·

652 3315 783 3390 let.
886 3310 1283 3400 Fluidurn,
1354 3314 1561 3410 quod
1633 3337 2034 3416 generatur
2101 3317 2542 3414 elasticum,

656 3415 739 3502 &
793 3414 873 3508 in
924 3409 1448 3515 hydrargyro
1519 3417 1775 3516 colligi
1836 3417 2131 3517 potest,
2199 3443 2359 3493 non
2434 3441 2538 3496 ex

656 3511 823 3592 solo
873 3512 1114 3587 fluore
1170 3535 1492 3608 emanat,
1545 3514 1672 3589 sed
1720 3539 1816 3590 ex
1869 3517 2088 3592 acido
2142 3519 2538 3595 vitriolico

656 3609 1191 3720 phlogisticato
1243 3634 1495 3692 ortum
1556 3615 1768 3694 firnul
1809 3619 2108 3720 parcius
2163 3620 2288 3696 vel
2345 3620 2540 3694 ube-

2365 3721 2539 3800 'rius
