2760 4749
564 388 649 493 ἰ
658 387 773 471 94
982 354 1129 459 {De
1182 355 1542 445 Miner-is
1577 302 1804 467 ferri
1861 350 2098 442 albis.

754 572 1061 671 Lroyoa
1114 569 1547 673 recipientis
1605 592 1752 670 qua
1813 562 2156 645 indolem
2219 592 2484 668 aqueus

602 674 1160 777 reperiebatur,
1214 669 1345 749 sed
1389 670 1594 747 mole
1631 672 2078 773 plerumque
2117 668 2310 747 adeo
2339 673 2484 747 exi·

602 798 829 879 gnua,
866 795 949 851 ut
980 776 1383 877 aegerrime
1425 770 1683 876 colligi
1711 773 2048 873 potuerit
2073 824 2098 865 ,
2147 772 2486 874 pondere

604 899 783 954 raro
848 876 1225 980 attingens
1280 900 1416 967 10,
1465 872 1592 949 sed
1623 896 1742 957 „ao
1793 870 2485 961 centefi'masxnum-

606 1002 833 1079 quam
886 976 1285 1077 superavit.
1391 976 1702 1051 Minera
1767 971 1940 1049 sana
1997 972 2080 1049 δι
2133 972 2486 1077 crystalli-

608 1103 706 1156 na
754 1076 1007 1177 paullo
1056 1078 1297 1181 magis
1353 1099 1562 1175 aquae
1611 1074 1953 1177 praebere
2001 1072 2214 1168 solet,
2267 1099 2486 1175 quam

605 1176 1026 1257 fatiscentia
1050 1200 1428 1277 corrupta,
1465 1175 1588 1253 vel
1615 1201 1752 1279 per
1787 1195 2126 1253 naturam
2173 1174 2485 1253 densior.

774 1332 838 1409 F
844 1354 1127 1409 ιυωυΜ
1178 1328 1552 1409 elasticum
1605 1327 2106 1433 hydrargyro
2165 1321 2490 1407 incarce-

608 1454 855 1513 ratum
920 1457 1015 1529 30
1061 1432 1424 1533 pollicum
1477 1430 1920 1507 cubicorum
1989 1430 2306 1531 spatium
2382 1435 2490 1507 in-

608 1535 913 1613 terdum
940 1532 1331 1633 implevit,
1360 1530 1806 1633 plerumque
1857 1552 2112 1609 tamen
2161 1532 2488 1609 arstiori·

609 1637 748 1713 bus
794 1632 1313 1711 includebatur
1380 1632 1762 1715 limitibus,
1861 1633 2083 1725 Hoc,
2149 1637 2492 1711 examine

612 1735 989 1828 instituto,
1036 1758 1183 1833 qua
1230 1735 1640 1811 maximam
1675 1755 1970 1835 partem
2003 1757 2193 1833 aqua
2243 1734 2494 1811 absor-

611 1838 780 1915 beri
834 1856 1136 1937 poterat
1175 1887 1200 1929 ,
1268 1836 1528 1933 illique
1606 1834 1689 1911 &
1753 1830 2098 1936 saporem
2200 1836 2494 1911 titillan-

611 1960 769 2016 tem
816 1935 1276 2012 acescentem
1314 1986 1343 2027 ,
1412 1935 1495 2012 δι
1560 1935 1976 2013 caeruleam.
2025 1936 2494 2039 Heliotropii

610 2036 1015 2115 tincturam
1084 2032 1386 2111 rufandi
1439 2036 1913 2130 facultatem,
1992 2040 2496 2113 communica-

611 2140 773 2217 vit:
826 2158 1096 2235 aquam
1140 2137 1361 2212 calcis
1411 2142 1786 2217 turbavit:
1833 2140 2094 2241 ignem
2139 2160 2500 2239 praeterea

612 2236 964 2317 exstinxit
991 2237 1073 2313 &
1106 2238 1451 2313 animalia
1493 2240 1858 2320 enecavit.
1959 2240 2110 2315 Hae
2150 2241 2498 2340 proprie-

612 2361 799 2419 tates
832 2337 1125 2415 acidum
1173 2347 1476 2416 aereum
1528 2338 1887 2418 indicant.
1986 2340 2290 2432 Porti0,
2335 2366 2500 2441 quae

612 2467 880 2544 aquam
958 2439 1091 2516 res
1132 2442 1277 2532 uit,
1354 2452 1549 2516 aere·
1599 2440 1882 2517 constat
1959 2443 2297 2546 vulgari,
2370 2445 2502 2542 qui

612 2543 787 2622 vase
821 2541 1007 2616 ‘sine
1125 2541 1305 2618 ubio
1372 2563 1588 2617 antea
1639 2541 2172 2620 'continebatur
2253 2566 2506 2621 retor-

613 2668 725 2723 to,
823 2645 1180 2743 Separato
1244 2666 1385 2743 per
1447 2667 1714 2740 aquam
1770 2645 1988 2720 acido
2061 2657 2318 2736 aere0,
2369 2647 2504 2720 ad-

612 2763 824 2819 mota
877 2745 1179 2818 flamma
1240 2769 1402 2819 non
1467 2741 1876 2842 numquam
1933 2742 2502 2849 deflagrationis

614 2843 897 2945 species
936 2863 1402 2942 provocatur
1435 2897 1456 2935 ,
1499 2865 1824 2936 notetur,
1847 2854 2117 2940 stamen
2175 2869 2506 2948 oportet,

614 2942 823 3121 {mod
899 2954 1024 3020 aer
1096 2937 1654 3022 inflammabilis
1719 2944 1880 3024 fere
1953 2946 2254 3054 semper
2317 2947 2504 3026 defi-

672 3065 944 3121 eretur.

718 3168 1115 3246 Rastnuum
1148 3169 1226 3241 in
1247 3186 1534 3244 retorta
1573 3171 1877 3274 nigrum
1893 3149 2249 3278 magnete
2274 3176 2506 3252 inter·

614 3266 798 3346 dum
846 3269 1236 3345 attrahitur
1262 3319 1285 3359 ,
1319 3275 1664 3368 quamvis
1695 3274 2018 3376 ignitum
2053 3299 2213 3352 non
2244 3274 2504 3354 fuerit.

493 3520 503 3527 ‚
760 3423 849 3518 C)
891 3421 1224 3496 Mmmu
1274 3421 1688 3521 pulverata¹
1715 3429 1980 3527 prunis
2027 3425 2356 3527 inspersa
2397 3427 2508 3506 le·

614 3547 793 3600 vem
856 3522 937 3598 ἃ,
991 3519 1450 3599 subitaneam
1520 3526 2265 3631 phosphorescentiae
2331 3529 2510 3630 spe·

614 3627 809 3704 ciem
873 3621 1246 3701 monstrat.
1294 3624 1440 3700 Sed
1493 3627 1681 3720 sola,
1740 3629 2266 3706 in·crucibulo
2307 3631 2507 3707 clau-

614 3725 699 3806 so
751 3731 931 3831 igne
978 3744 1201 3824 torta,
1251 3729 1406 3803 cito
1444 3731 1826 3849 liquescit,
1867 3729 2190 3840 fundum
2239 3731 2514 3833 perfo-

2307 3857 2507 3912 rans.
