2760 4749
594 313 725 405 De
764 310 1083 429 formis
1143 264 1774 429 crystallorum*
1873 444 1881 453 Ι
2047 336 2146 423 13
2247 242 2256 253 ἱ

262 529 629 605 tuborum
704 530 955 627 ierieS.
1088 527 1465 628 Qamvis
1527 520 1760 628 igitur
1817 522 2146 627 lingula,

270 656 425 728 quae
469 630 635 729 jam
690 630 903 705 allata
948 627 1161 718 sunt,
1215 628 1410 705 haud
1467 626 2148 703 obscureinnuere

266 732 667 807 videantur
742 723 1088 806 omnium
1160 728 1682 829 crystallorum
1750 726 2054 829 genesin
2103 750 2148 805 e

258 830 791 933 pyramidibus
864 828 1272 929 adaptatis,
1327 854 1637 928 quarum
1677 828 1950 921 latera,
2002 852 2150 928 qua

190 930 213 961 ³
258 957 663 1009 numerum
726 930 809 1007 ἃ
874 931 1235 1007 ambitum
1290 928 1804 1031 discrepantia,
1855 928 2148 1005 forma·

258 1059 415 1108 rum
474 1052 920 1134 provocant
974 1030 1482 1120 differentias,
1539 1034 1839 1106 interim
1892 1052 2151 1107 tamen⁴

260 1136 639 1209 incertum
694 1154 990 1227 manet,
1068 1157 1249 1206 num
1298 1132 1561 1207 eadem
1613 1134 1912 1207 interna
1957 1130 2148 1225 stru·
2239 1168 2264 1183 ·

264 1232 465 1311 &ura
502 1236 735 1312 etiam
762 1233 1011 1321 locum
1040 1233 1309 1307 habeat
1337 1235 1417 1307 in
1449 1234 1617 1324 illis,
1643 1259 1807 1331 quae
1832 1260 2146 1311 omnem

265 1338 668 1411 oculorum
718 1334 953 1409 aciem
1010 1332 1432 1433 effugiunt,
1511 1334 1590 1411 ὃς
1655 1361 1832 1409 num
1895 1340 2150 1435 prima

261 1432 865 1513 staminasolida
917 1460 1056 1534 per
1120 1433 1195 1509 se
1254 1434 1578 1511 habeant
1625 1434 1946 1536 figuram
2019 1438 2144 1513 de·

258 1538 787 1627 terminatam,
828 1559 923 1609 an
975 1559 1165 1611 vero
1203 1535 1532 1633 plurium
1585 1540 1864 1613 unione
1917 1536 2144 1613 talem

256 1640 602 1739 primum
654 1634 1225 1711 nanciscantur?
1274 1638 1664 1726 MinimaS,
1713 1662 1876 1733 quae
1920 1639 2144 1713 oculo

259 1761 552 1815 armato
578 1736 970 1813 observari
1005 1734 1335 1837 poss'unt,
1379 1738 1932 1831 concretioneS,
1965 1748 2166 1813 con-'

259 1839 464 1916 sueta
512 1837 800 1913 dudum
864 1839 1193 1935 gaudere
1259 1838 1510 1916 forma
1559 1838 1954 1934 novimus,
2013 1836 2143 1923 sed
2255 1874 2264 1881 ·

259 1944 377 2017 hae
441 1937 873 2038 compofitae
914 1935 1097 2019 sunt.
1188 1938 1484 2013 Interea
1537 1936 1766 2037 usque
1811 1938 1993 2014 dum
2043 1937 2164 2027 fen

208 2039 217 2049 '
262 2042 507 2117 liciter
561 2038 904 2131 tollatur,
966 2040 1089 2119 vel
1142 2038 1373 2115 saltim
1423 2063 1809 2139 rumpatur
1854 2041 2144 2136 velum,

263 2139 473 2240 quod
526 2140 775 2216 haecce
832 2138 1187 2239 mysteria
1240 2139 1542 2215 curiofis
1599 2140 1830 2215 oculis
1899 2145 2142 2219 invol-

264 2245 401 2332 vit,
442 2266 596 2318 non
646 2236 943 2341 poss'um
990 2264 1147 2314 non
1200 2243 1384 2338 quin
1442 2239 2142 2342 crystallisationem

266 2367 437 2422 cum
490 2366 700 2442 aquae
756 2341 1291 2444 congelatione
1337 2364 1800 2441 comparem.

420 2493 613 2570 Dum
680 2491 1176 2570 concrescunt
1231 2493 1616 2596 particulae
1686 2517 1938 2592 aqueae
2005 2492 2145 2570 du-

267 2597 541 2696 plicem
602 2615 961 2672 exercent
1033 2593 1317 2686 nisum,
1383 2594 1738 2686 alterum,
1806 2595 1935 2692 qui
1989 2615 2146 2671 eas·

270 2697 443 2772 dem
502 2699 583 2772 in
626 2695 755 2780 „fila
802 2694 1125 2788 format,
1176 2694 1494 2770 alterum
1559 2719 1746 2771 vero
1797 2695 1958 2770 haec
2017 2695 2175 2772 fila.

272 2799 371 2872 ita
434 2795 530 2872 ad
592 2793 665 2874 se
732 2797 1068 2873 invicem
1138 2794 1528 2894 disponit,
1606 2817 1687 2871 ut
1752 2793 2145 2900 sexaginta

274 2896 641 3004 graduum
705 2897 1019 3000 angulos
1094 2893 1443 2974 efficiant.
1562 2897 1773 2972 Hinc
1837 2895 2146 3002 fingulae

273 3001 467 3074 nivis
525 2997 983 3075 variationes
1031 2995 1243 3073 facile
1296 2997 1787 3096 explicantur.
1845 2998 2146 3099 Simpli-

275 3096 543 3176 ciffima
590 3098 832 3202 figura
898 3097 1025 3173 sex
1077 3095 1363 3172 constat
1417 3097 1646 3174 radiis
1715 3099 2146 3196 aequalibu8‚

274 3223 362 3278 ex
423 3197 701 3278 eodem
768 3221 1033 3274 centro
1090 3197 1221 3274 sub
1283 3194 1492 3273 dieto
1551 3197 1832 3301 angulo
1898 3198 2146 3276 diver·
2257 3239 2266 3244 -

271 3302 617 3478 fientibus
666 3299 826 3404 (fig.
886 3303 1006 3399 11)
1064 3302 1151 3400 e).
1232 3298 1544 3374 Horum
1591 3301 1951 3376 citri-emis
2003 3323 2148 3401 per

296 3425 496 3482 meas
528 3397 767 3478 rastas
816 3403 1208 3489 connexis,
1256 3398 1464 3477 idem
1519 3397 1859 3475 servatur
1904 3424 2146 3502 angu-

272 3503 397 3600 ius,
447 3500 659 3604 quod
693 3503 923 3579 etiam
970 3501 1199 3595 valet,
1229 3499 1282 3584 fi
1314 3500 1642 3602 quodvis
1681 3501 2178 3678 triangulgn

1912 3625 1997 3678 re
2079 3625 2141 3677 ιε

344 3773 401 3855 ο)
439 3775 540 3843 111.
582 3773 841 3838 Manum
900 3771 972 3839 ἆ·
1026 3772 1235 3842 elada
