2760 4749
550 315 670 417 48·
1121 295 1246 387 De
1298 313 1520 388 terra
1554 262 1864 407 ⁴silicea..

712 509 1015 587 Nown
1049 510 1179 606 est,
1215 535 1485 612 aquam
1530 534 1627 590 eo
1678 511 2048 592 efficacius
2099 535 2437 618 corpora

551 610 1018 712 suscipienda
1067 612 1406 716 adgredi,
1450 639 1603 713 quo
1660 614 1925 712 majori
1971 612 2195 692 scatet
2240 618 2452 694 calo-⁵

553 714 659 790 ris
713 713 972 817 gradu.
1083 713 1170 790 In
1225 734 1491 815 aperto
1552 734 1801 790 autem
1854 712 2025 791 vase
2080 716 2446 796 intenlio·

549 837 713 892 rem
789 816 1126 914 recipere
1189 815 1444 914 nequit
1510 813 1811 908 aestum,
1879 839 2101 915 quam
2176 816 2451 908 illum,

547 917 679 1016 qui
721 916 1028 1016 plenam
1078 917 1481 992 comitatur
1553 915 2123 1006 ebullitionem,
2203 917 2284 996 δε
2352 919 2442 992 in

547 1017 1155 1094 Thermometro
1193 1015 1514 1094 svecano
1550 1013 1958 1092 centesimo
1993 1013 2451 1117 supra'conff

609 1116 950 1194 elationis
1059 1114 1362 1193 uastum
1412 1116 1652 1218 gradu
1688 1113 2139 1226 defignatur.
2192 1113 2444 1194 Terra

608 1221 790 1294 licea
865 1218 1002 1294 ebu
1037 1218 1321 1294 litionis
1395 1217 1689 1294 fervori
1759 1217 2118 1316 quamdiu
2185 1217 2442 1317 placet

549 1318 887 1422 exposita
946 1321 1086 1394 vix
1145 1317 1580 1396 senfibiliter
1639 1319 2043 1411 minuitur,
2110 1318 2300 1418 adeo
2354 1341 2443 1394 ut

550 1423 633 1496 in
725 1421 880 1496 hoc
972 1423 1500 1524 experimento
1572 1417 1986 1495 insolubilis
2070 1416 2441 1497 videatur.

549 1519 763 1597 Hinc
813 1541 1064 1595 tamen
1115 1522 1430 1596 minime
1483 1518 1939 1594 concludere
1994 1519 2209 1610 licet,
2265 1521 2461 1596 eam‘

551 1625 771 1698 etiam
803 1621 1075 1721 majori
1125 1619 1328 1698 aestui
1382 1615 1729 1696 resistere.
1784 1616 2215 1719 Papinianae
2264 1619 2443 1695 ollae
2498 1643 2506 1652 ·

549 1720 878 1801 efficacia
929 1722 1158 1796 multa
1191 1718 1495 1797 dissolvi
1545 1743 1875 1819 corpora
1922 1718 2216 1812 edocet,
2269 1745 2445 1820 quae

541 1844 890 1926 apertam
933 1819 1460 1899 decostionem
1502 1825 1823 1897 omnino
1871 1817 2197 1900 eludunt.
2311 1822 2463 1897 In·'

548 1944 756 2000 terea
815 1922 1036 1998 fateri
1112 1942 1420 2022 oportet
1470 1925 1849 1997 neminem
1906 1920 2265 1996 hastenus
2308 1945 2441 1998 ex·

551 2021 870 2126 plorasse
926 2022 1251 2098 filiceum
1289 2021 1431 2097 hac
1481 2023 1645 2106 via,
1698 2021 2037 2120 adeoque
2084 2020 2263 2120 quid
2320 2047 2444 2098 re·

549 2145 738 2200 vera
771 2125 1137 2214 eveniret,
1179 2125 1595 2199 etiamnum
1647 2122 1938 2213 lateret,
1993 2121 2121 2197 nisi
2175 2145 2447 2202 natura

553 2222 820 2327 sponte
883 2223 1154 2300 nostrae
1213 2225 1667 2328 ignorantiae
1728 2221 1811 2300 δι
1874 2221 2220 2326 segnitiei
2282 2221 2443 2301 Iuc-

553 2341 914 2407 curreret.

701 2481 1037 2557 Scmcssr
1069 2480 1164 2558 ‚in
1215 2477 1543 2555 Islandia
1581 2474 1678 2556 ad
1729 2475 2027 2580 Geyser
2080 2500 2267 2577 aqua
2296 2474 2443 2559 ,sa-

551 2580 640 2657 lit
685 2580 1010 2671 fervida,
1064 2605 1228 2679 quae
1287 2578 1420 2655 sub
1470 2577 2044 2679 refrigeratione
2102 2578 2441 2656 siliceum

551 2681 901 2785 deponit,
943 2680 1021 2767 δι
1057 2704 1151 2755 ex
1195 2679 1335 2756 hac
1387 2682 1699 2759 materia
1731 2677 1866 2754 fibi
1916 2678 2052 2779 ipfi
2100 2701 2443 2780 pateram

551 2782 944 2873 formavit,
993 2784 1074 2855 in
1124 2805 1269 2879 qua
1320 2781 1661 2879 quotidie
1694 2778 2025 2877 ejusdem
2074 2780 2447 2855 mirandae

553 2882 780 2957 molis
860 2880 1278 2973 columnae,
1335 2879 1729 2983 postquam
1772 2878 1889 2961 ,ad
1965 2879 2445 2959 altitudinem

552 3008 658 3077 90
715 2984 998 3083 pedum
1051 2980 1132 3057 ὃ(
1180 2982 1372 3057 ultra
1424 2980 1708 3057 fuerint
1749 2977 2079 3073 extrusae,
2132 2978 2266 3059 sub
2311 2980 2446 3057 de·

553 3076 814 3160 scensu
865 3084 1140 3159 iterum
1194 3082 1678 3185 recipiuntur.
1722 3096 1725 3099 ’
1783 3080 2081 3159 Caloris
2126 3068 2473 3179 quidem·

554 3184 835 3288 gradus
882 3182 1228 3259 demetit-i
1271 3186 1528 3283 nequit
1583 3182 1734 3258 sub·
1772 3178 1921 3283 ipsa
1972 3179 2449 3282 explofione,

550 3310 731 3365 nam
771 3282 1072 3362 fervida
1128 3283 1387 3385 pluvia
1432 3280 1999 3361 observatorem
2048 3280 2475 3377 adureret,.

553 3388 863 3465 interim
909 3408 1164 3463 tamen
1213 3382 1382 3487 post
1428 3384 1542 3461 bis
1594 3407 2076 3490 peragratum
2131 3380 2449 3463 stratum

555 3500 908 3583 aereum,
962 3512 1067 3581 90.
1113 3488 1399 3589 pedum
1464 3484 1844 3583 craffitiei,
1907 3482 2481 3587 adscendendo⁴

555 3592 912 3667 nimirum
964 3587 1044 3663 &
1095 3584 1657 3681 descendendo,
1708 3586 1953 3661 adhuc
2004 3583 2445 3689 hydrargy-

553 3716 724 3772 tum
772 3690 1306 3768 thermometri
1342 3685 1437 3767 ad
1498 3712 1641 3767 100
1676 3687 1967 3783 allevat,
2003 3684 2209 3784 quod
2242 3687 2451 3862 lpcu·

1032 3818 1046 3828 ς
1069 3812 1086 3821 ··
1508 3816 1519 3825 ι
1592 3842 1600 3847 1
1726 3834 1733 3845 ¹
1756 3812 1769 3825 ι
2002 3796 2016 3811 ³
2208 3862 2220 3870 .
2276 3817 2281 3824 .
2311 3810 2447 3865 Εηθ
