2760 4749
628 326 758 420 De
816 322 1652 450 lapide'hydrop‘ham.
1959 344 2076 451 69

174 570 384 642 rem,
430 546 517 625 &
563 543 1019 625 refrastione
1072 545 1449 652 genitam,
1497 571 1666 647 quoe
1692 548 1932 627 ambae
1963 550 2082 628 ul-

173 650 449 729 teriori
499 645 941 730 subsidentia
1006 668 1310 725 enatant
1384 648 1468 726 &
1533 646 1828 731 sibimet
1887 654 2083 730 invi·

174 753 426 829 vicem
479 747 575 825 ad
622 748 687 826 L
742 769 1173 835 occurrunt.
1286 748 1850 829 Exercitatione
1928 755 2092 835 cito

178 849 597 953 quamlibet
666 850 1173 927 variationem
1256 873 1688 951 provocare
1763 853 2030 930 licebit
2059 907 2084 947 ,
2211 859 2223 869 “

177 950 309 1029 nifi
361 952 626 1051 inepta
675 950 769 1027 fit
817 948 1069 1027 forma
1095 1003 1118 1045 ,
1172 974 1215 1028 e
1268 976 1418 1051 qua
1459 972 1614 1029 tam
1675 978 2090 1049 numeruS,

179 1076 405 1151 quarn
458 1050 898 1127 differentia
954 1048 1434 1129 causticarum
1506 1056 1814 1155 pendet.
1937 1056 2090 1133 Co·

182 1154 299 1228 lor
372 1150 843 1255 figurarum}
905 1150 1293 1231 radiorum
1358 1150 1816 1233 refr'affione
1887 1176 2090 1235 nata·

194 1278 390 1346 tum,
451 1254 565 1328 illi
631 1248 1045 1331 necess'ario
1126 1274 1534 1357 congruet,
1605 1276 1832 1355 quem
1895 1256 2092 1361 lapis

195 1354 667 1437 transmittit,
718 1362 939 1449 nam‘,
1002 1355 1108 1429 uti
1166 1376 1431 1430 notum
1485 1353 1628 1447 est,
1710 1358 1934 1437 alium
2004 1384 2087 1435 o·

188 1452 541 1531 stendunt
596 1452 675 1531 O
734 1452 831 1529 ali
895 1453 1180 1529 lumine
1247 1454 1540 1532 reflexo
1609 1457 1787 1551 visi,
1860 1458 2089 1537 alium

182 1553 550 1636 refraRO.
728 1550 1013 1656 rystalli
1061 1575 1446 1632 montanae
1484 1556 1792 1657 aliaeque
1831 1560 2094 1659 perlu-

182 1656 419 1749 cidae,
484 1654 705 1731 ‘nuilo
778 1655 1194 1758 gaudentes
1284 1657 1594 1747 colore,
1665 1677 2096 1747 memorata

178 1758 700 1859 phaenomena
777 1778 939 1830 non
1022 1754 1394 1832 exhibent
1484 1752 1828 1835 distinsta
1864 1814 1890 1851 ,
1960 1756 2094 1837 etfi

182 1858 463 1933 idonea
518 1854 854 1956 praeditae
933 1854 1209 1933 forma.
1319 1858 1439 1931 Va
1496 1882 1559 1936 ae
1609 1859 1920 1957 quidem
1986 1858 2094 1933 lu-

184 1958 417 2033 minis
470 1955 964 2033 colletstiones
1039 1954 1289 2033 videri
1356 1981 1463 2058 po
1526 1977 1708 2051 unt,
1776 1958 1954 2055 sed,
2009 1977 2098 2035 ut

184 2081 457 2133 earum:
502 2056 823 2133 ambitus
891 2059 1039 2133 rite
1111 2057 1619 2153 discernatur,
1683 2062 2097 2161 requiritur

184 2160 545 2261 proprius
598 2156 857 2249 color,
904 2158 1035 2256 qui
1087 2157 1259 2236 heic
1306 2156 1812 2256 desideratur,
1854 2186 2098 2268 quum·

186 2258 498 2363 fingulae
551 2256 933 2337 radiorum
981 2255 1263 2359 species
1310 2256 1709 2345 transeant.

334 2413 600 2490 Pron»,
650 2411 805 2511 jam
859 2433 903 2488 e
951 2410 1369 2490 sublimiori
1390 2411 1850 2514 ‘tgeom'etria
1930 2431 2098 2486 mu·

190 2517 381 2590 tuari
438 2532 653 2588 vetat
705 2509 1013 2588 instituti
1060 2514 1289 2604 ratio,
1332 2535 1566 2610 quum
1637 2510 1855 2587 allata
1923 2510 2100 2584 satis

191 2615 582 2716 explicent
616 2612 1118 2714 igniculorum
1162 2611 1426 2690 veram
1474 2611 1818 2690 indolem
1850 2609 1931 2689 &
1965 2631 2102 2712 ge·

184 2715 415 2794 nefin.
468 2714 654 2789 Hoc
700 2732 993 2788 tantum
1050 2712 1636 2809 addere-liceat,
1691 2711 1900 2812 quod
1931 2710 2108 2786 stel·

182 2817 316 2910 lae,
370 2818 457 2890 in
502 2809 900 2914 'superficie
949 2813 1458 2916 quorumdam
1505 2813 1842 2915 lapidum
1923 2836 2095 2914 per·

180 2915 623 2994 lucidorum
695 2917 1099 2990 rotundata
1166 2936 1644 3015 provocatae,
1714 2911 2101 2992 mediante

182 3040 401 3094 certo
459 3015 560 3091 ad
607 3016 848 3092 lucem
906 3013 1085 3104 fitu,
1137 3039 1315 3091 raro
1375 3015 1573 3091 aliud
1624 3013 1766 3090 fint
1797 3071 1820 3108 ,
1865 3040 2098 3114 quam

182 3117 441 3220 plures
496 3138 593 3190 ex
648 3114 921 3192 eodem
976 3113 1263 3217 punCto
1320 3117 1881 3222 egerminantes
1931 3139 2100 3191 cau-

184 3219 413 3296 sticae.
456 3217 641 3292 Huc
692 3211 891 3291 forte
938 3217 1329 3320 pertinent
1384 3214 1664 3308 Asteriae
1721 3229 2106 3295 veterum-⁹

336 3393 447 3495 K)
503 3393 817 3471 Cnosi-A
868 3391 1220 3495 Lapidis,
1273 3395 1405 3494 qui
1445 3393 1757 3471 Celebri
1795 3413 1846 3467 A
1873 3393 2100 3468 Bomt

182 3494 550 3598 spatham
582 3496 788 3572 audit
822 3498 1157 3596 piceum,
1195 3494 1323 3570 illo
1368 3492 1828 3572 observante
1871 3495 2105 3610 etiam
2148 3599 2154 3603 -

181 3599 263 3672 in
326 3621 528 3697 aqua
581 3619 743 3674 non
797 3619 1209 3696 numquam
1255 3593 1588 3674 clarescit
1611 3653 1636 3687 ‚
1695 3595 1780 3672 &
1830 3593 2110 3696 Opahs

180 3696 295 3777 est
351 3695 680 3796 ειᾶἱίῐιίε,
728 3696 900 3776 laxa
953 3718 1325 3874 cotsspage
1349 3755 1372 3788 ,
1423 3720 1624 3800 aegre
1682 3696 1780 3773 ad
1834 3693 2109 3871 chely-

1176 3819 1227 3898 3·
1973 3813 2130 3885 ⁶3¹3·
