2760 4749
841 374 970 468 De
1021 397 1244 467 terra
1280 377 1583 484 filiceae.
2070 407 2170 494 37

235 591 642 693 {mulque
727 591 1142 672 invisibiles
1243 614 1399 671 tam
1460 593 1607 671 'ob
1692 593 2191 687 tenuitatem,

269 719 504 792 quam
551 693 654 770 ob
708 691 1336 794 perluciditatem.
1444 695 1523 772 Si
1572 715 1759 781 vero
1808 719 2173 795 evapora-

271 799 488 898 tione
537 794 986 871 diminuitur
1030 795 1395 872 volumen
1445 795 1708 890 fluidi,
1760 797 2173 896 praesertim

273 894 577 975 costura
607 953 632 985 ‚
688 919 854 994 quae
901 895 1114 971 fimul
1158 895 1496 994 ejusdem
1546 895 1627 973 δε
1674 899 2172 989 tenacitatem,

225 997 358 1074 -&
411 999 871 1100 gravitatem
931 998 1252 1091 minuit,
1309 994 1717 1074 secernitur
1770 996 2120 1078 filiceum.

419 1149 689 1224 N1M1A
741 1172 1043 1249 quoque
1095 1173 1303 1248 aquae
1350 1151 1755 1251 quantitate
1808 1149 2061 1255 liquor
2084 1147 2171 1226 si·
2242 1231 2247 1236 ,

277 1245 501 1324 licum
567 1248 1203 1350 decomponitur,
1262 1250 1405 1325 hac
1466 1253 1671 1329 enim
1737 1256 2013 1356 partim
2074 1254 2181 1336 ita,

278 1349 676 1428 debiliatur
733 1349 1091 1436 menstrui
1138 1350 1449 1431 alkalini
1502 1351 1866 1442 efficacia,
1919 1373 1999 1432 ut
2058 1350 2169 1434 so-

271 1449 432 1527 luto
483 1451 884 1528 retinendo
943 1449 1074 1527 fiat
1122 1452 1368 1550 impar
1402 1509 1423 1542 ,
1471 1456 1746 1560 partim
1792 1456 2020 1534 etiam
2092 1475 2170 1526 a·

269 1551 454 1628 cido
502 1563 765 1645 a'ere0‚
818 1577 1029 1656 aquae
1084 1552 1553 1648 inhaerente,
1604 1551 1922 1634 satiatur.

431 1719 539 1822 D)
591 1724 822 1824 Qion
878 1722 1174 1800 acidum
1223 1724 1487 1800 fluoris
1561 1723 1844 1800 filicum
1916 1724 2169 1800 detur.

271 1827 403 1903 bet
461 1823 832 1923 liquorem
889 1826 1162 1904 mirum
1218 1825 1419 1900 forte
1471 1825 1887 1916 videbitur,
1934 1849 2167 1924 quum

271 1931 428 2004 hoc
477 1927 772 2001 acidum
827 1923 1147 2002 filiceam
1197 1948 1481 2002 terram
1540 1926 1759 2001 avide
1814 1926 2169 2026 arripiat,

273 2027 379 2104 ast
429 2049 730 2102 notetur
781 2047 1126 2128 oportet,
1180 2027 1387 2126 quod
1436 2024 1676 2103 adhuc
1732 2027 2023 2105 avidius
2068 2027 2166 2102 al-

269 2129 429 2206 kali
477 2127 714 2203 fixum
764 2125 1104 2202 attrahat.
1209 2127 1575 2203 Praeterea
1606 2129 1980 2228 heic-non
2018 2153 2169 2205 me·

271 2254 444 2306 rum
494 2227 843 2328 dejicitur
893 2226 1260 2318 filiceum,
1312 2226 1439 2304 scd
1474 2251 1623 2302 tam
1655 2229 1901 2320 alkali,
1938 2253 2179 2328 quam·

269 2328 489 2407 acido
541 2327 870 2421 foetum,
934 2349 1016 2405 ut
1062 2349 1278 2405 antea
1327 2327 1737 2405 indicatum
1782 2327 1883 2405 est
1922 2329 2165 2431 (§,111,

264 2430 394 2527 B),
418 2434 497 2507 in
537 2452 858 2527 utroque
892 2450 1143 2508 tamen
1183 2427 1349 2503 casu
1389 2428 1727 2526 quaedam
1756 2430 2006 2503 locum
2038 2429 2163 2510 ha-

269 2534 404 2609 bet
459 2530 980 2633 discrepantia.
1075 2530 1384 2609 Etenim
1437 2528 1605 2605 heic
1650 2529 1730 2611 ὃς
1762 2528 2162 2622 acidum&

269 2632 552 2726 alkali,
603 2630 851 2707 filiceo
917 2650 1319 2729 utrumque
1400 2626 1745 2705 onustum
1780 2687 1802 2720 ‚
1867 2629 2162 2707 sibimet

265 2736 606 2811 invicem
660 2754 1109 2820 occurrunt,
1172 2732 1355 2805 dum
1409 2753 1597 2805 vero
1646 2731 1943 2810 acidum
1973 2731 2160 2807 fluo·

263 2838 370 2915 ris
423 2834 648 2913 alkali
673 2832 1037 2925 satiatur,
1096 2832 1276 2911 illud
1328 2851 1619 2911 tantum
1670 2832 1957 2931 praebet
2020 2824 2199 2915 fili·,

267 2961 538 3025 ceum,
583 2933 906 3033 ideoque
967 2930 1174 3032 quod
1231 2932 1380 3033 jam
1436 2928 1890 3032 deponitur,
1952 2958 2161 3033 aquae
2276 2994 2281 3007 .

268 3034 684 3117 sufficiente
739 3035 1150 3139 quantitate
1199 3053 1445 3108 totum
1497 3055 1860 3131 quantum
1916 3034 1996 3108 in
2040 3057 2156 3108 ca-

261 3140 428 3215 lore
489 3135 746 3212 medio
793 3133 1106 3215 solvitur
1151 3133 1231 3210 &
1289 3139 1370 3208 in
1429 3134 1757 3213 carbone
1812 3156 1991 3234 ⁶ope
2051 3153 2158 3213 tu-

263 3239 346 3315 bi
390 3236 990 3314 ferruminatorii
1055 3232 1274 3311 facile
1371 3231 1773 3328 funditur,¹
1833 3232 2158 3337 sphaeru·

263 3339 420 3416 lam
475 3338 848 3416 exhibens
897 3334 1408 3437 perlucidam,
1470 3360 1635 3434 quae
1688 3356 1933 3411 tamen
2004 3335 2162 3409 flui-

263 3441 494 3516 ditate
549 3436 803 3521 amiss'a
855 3436 939 3511 fit
990 3461 1225 3537 opaca
1261 3435 1341 3523 ὃς
1385 3434 1571 3516 alba.
1678 3436 2029 3511 Similiter
2084 3434 2159 3517 se

267 3544 519 3645 gerit,
570 3538 777 3640 quod
840 3536 1054 3613 acido
1103 3535 1362 3615 fluoris
1413 3558 1455 3610 e
1520 3536 1815 3635 liquore
1874 3536 2157 3611 filicum

325 3643 834 3743 raecipitatur,
887 3638 1138 3739 paullo
1190 3637 1477 3713 minori
1542 3655 1827 3713 tantum
1893 3637 2164 3713 solubi-

265 3668 468 3821 ἔειπε
546 3742 629 3825 δε
731 3738 1218 3918 liquescenti&
1283 3735 1630 3819 facultate
1705 3736 2103 3841 praeditum
2114 3784 2160 3909 ἐ

1271 3864 1311 3941 3
1796 3918 1805 3929 .
