2760 4749
816 354 941 447 De
1006 319 1440 471 Arfihico(
1926 369 2092 470 289

178 565 537 663 tilisatur,
588 569 1400 672 acidumque'arsenici
1431 567 1890 648 denudatum
1917 597 2096 652 cum
2219 613 2228 640 x

178 673 332 750 bafi
381 673 555 746 nitri
598 673 1023 774 copulatur,
1087 671 1420 776 crystalli
1466 695 1657 748 vero
1695 697 1854 748 non
1901 675 2095 750 obti-

179 796 486 865 nentur,
517 799 746 872 quum
776 776 975 874 ignis
1010 773 1496 849 vehementia
1525 773 1852 847 abundet
1887 771 2094 851 alka-

178 876 260 966 li,
297 873 481 974 justa
518 896 769 950 tamen
800 877 1309 976 proportione
1363 873 1445 950 &
1481 875 1764 950 idoneo
1816 873 2102 953 caloris-
2141 879 2148 886 ’

240 975 433 1052 radu
480 975 667 1052 tales
719 974 860 1051 hac
901 979 1124 1051 etiam
1162 977 1287 1051 via
1321 977 1505 1052 oriri
1552 973 1878 1076 poffunt.
1933 976 2093 1052 Sci-

179 1001 357 1152 ficet
422 1075 648 1152 alkali
709 1075 1137 1180 vegetabile
1198 1078 1553 1179 exiguam
1634 1077 1826 1152 acidi
1895 1075 2092 1151 arse·

182 1177 442 1252 nicalis
524 1173 1080 1270 abundantiam„
1156 1181 1524 1277 requirit,
1599 1200 1682 1252 ut
1755 1173 2093 1280 crystalli

178 1277 603 1382 prodeant,
665 1279 900 1377 qualis
952 1282 1177 1354 etiam
1227 1282 1308 1354 in
1350 1279 1740 1356 crucibulo
1791 1277 2094 1357 conser-

182 1402 442 1464 vatur,
504 1378 897 1484 modo·ita
946 1399 1405 1480 temperetur
1483 1381 1733 1486 ignis,
1811 1399 1895 1456 ut
1948 1381 2090 1458 vix

182 1481 429 1556 rufeat
504 1478 826 1576 funduS‚
906 1478 1189 1556 facilius
1267 1502 1515 1557 autem
1571 1479 1898 1558 succedit
1957 1484 2094 1575 deq

182 1579 552 1662 stillandO.
1875 1611 1880 1619 ’

338 1733 682 1810 Βεειουᾼ
711 1721 1341 1826 ὀείὶίΙΙεῐίοηυιῐί,
1380 1758 1550 1809 cum
1582 1735 1864 1810 anatica
1903 1755 2093 1838 por-

180 1837 396 1912 tione
477 1836 660 1920 nitri
724 1832 1183 1935 prismatici,
1265 1836 1887 1940 quadrangularis
1957 1833 2092 1912 vel

182 1936 645 2012 flammantis
698 1933 1197 2011 institutarum
1235 1990 1257 2028 ‚
1306 1937 1596 2040 fingula
1672 1935 2090 2042 porrigunt

186 2037 455 2112 alkalia
502 2033 955 2126 arsenicata,
1016 2063 1180 2137 quae
1235 2063 1424 2138 aqua
1482 2037 1718 2115 soluta
1767 2041 1844 2114 in
1914 2062 1994 2113 cr
2063 2078 2090 2097 -

180 2137 437 2214 stallos
494 2139 675 2241 cogi
745 2135 1066 2238 possunt,
1196 2138 1395 2243 Quod
1455 2137 1558 2214 hae
1640 2137 1807 2215 aliis
1862 2060 2090 2215 ac‘dge

180 2239 570 2338 decomponi
627 2255 965 2342 nequeant
1012 2239 1222 2340 vulgo
1260 2237 1662 2342 perhibetur
1675 2296 1698 2330 ,
1751 2237 1883 2315 sed
1933 2234 2087 2330 fru-

178 2341 347 2418 stra.
447 2339 590 2417 Per
644 2336 721 2417 se
771 2355 1031 2441 patet,
1085 2340 1185 2433 fi,
1237 2341 1526 2417 'addito
1593 2344 1738 2417 alio
1810 2339 2132 2437 acide,-

182 2443 295 2519 illi
348 2466 430 2524 re
485 2466 668 2520 vera
728 2444 1023 2523 uniatur
1075 2442 1257 2519 basis
1312 2442 1668 2532 alkalina‚
1727 2438 2090 2518 arsenicu-

180 2543 253 2621 le
310 2566 563 2628 tamen
622 2540 1039 2645 separatum
1071 2600 1095 2639 ,
1149 2565 1528 2643 tamquam
1581 2565 1722 2645 per
1753 2541 1828 2619 se
1882 2540 2092 2633 solu-2

180 2646 333 2721 bile
364 2697 387 2738 ,
450 2644 732 2723 nullum
786 2643 997 2744 poss'e
1051 2647 1454 2748 porrigere
1505 2644 2088 2745 praecipitatum,

180 2747 263 2823 &
312 2766 409 2821 ne
455 2744 761 2845 quidem
819 2750 1532 2847 congrumationem
1585 2742 1901 2823 efficere.
1975 2744 2090 2821 At

180 2871 279 2925 ex
328 2872 487 2925 non
540 2846 832 2922 turbata
878 2843 1273 2923 solutionis
1316 2846 1768 2948 limpiditate
1836 2843 2090 2923 haste-

180 2974 323 3027 nus
378 2948 602 3025 unice
666 2943 1061 3025 aestimatus
1145 2947 1287 3025 fuit
1358 2949 1754 3052 compagis
1827 2947 2095 3033 robur..-

182 3052 275 3127 ln
327 3073 424 3126 eo
472 3072 691 3127 error
742 3050 951 3124 latuit
983 3108 1007 3145 ‚
1064 3048 1273 3149 quod
1338 3048 1761 3127 arsenicum
1827 3047 2088 3131 album

178 3152 323 3229 hos
400 3149 587 3229 sales
651 3151 957 3254 ingredi
1027 3149 1625 3229 existimaverint
1693 3149 2024 3229 chemici
2058 3207 2088 3244 ,

182 3257 532 3353 quamvis
604 3251 943 3353 ejusdem
1008 3252 1546 3331 tantummodo
1629 3251 1928 3331 acidum
1998 3276 2092 3335 re

182 3379 370 3431 vera
431 3350 600 3429 infit
747 3354 1043 3454 Itaque,
1126 3379 1207 3432 ut
1280 3357 1707 3437 evidentius
1765 3376 2092 3435 eventui

186 3453 649 3559 cognoscatu
715 3506 735 3549 ,
788 3455 1008 3533 acido
1085 3460 1372 3535 vitrioli
1447 3460 1781 3539 solvatur
1857 3458 2089 3537 alkali

184 3558 619 3659 vegetabile
672 3556 1219 3653 arsenicatum,
1272 3560 1400 3659 (sal
1454 3562 1820 3639 neutralis
1884 3558 2088 3637 arse-

186 3660 451 3733 nica¹is
508 3656 606 3751 D.
658 3658 1079 3757 MAchn)
1136 3660 1257 3753 δι,
1308 3658 1460 3738 hoc
1523 3663 1768 3757 fastn,
1821 3658 2088 3763 spiritu
2189 3668 2206 3683 ⁶

186 3760 355 3837 vini
418 3754 1031 3838 testificatiffimo
1084 3765 1601 3865 praecipitetur
1647 3766 2088 3861 eluaturque

276 3880 503 3967 Bergm.
533 3880 731 3967 opusc.
758 3884 883 3952 Vol.
906 3884 990 3951 11.
1214 3865 1293 3942 Τ
1978 3860 2094 3945 sal.
