2760 4749
702 341 833 434 De
884 362 1109 435 terra
1170 347 1667 440 Tzermalini.
1987 377 2134 463 131

1062 557 1127 664 §-
1185 527 1321 644 vt.

364 714 836 803 Turmalini
904 697 1135 809 locus
1218 718 1300 803 in
1389 715 1836 827 Systemate
1890 721 2034 806 mi·

964 827 1458 944 neralogico.
1497 927 1506 944 ..
2153 839 2170 854 ‘

404 989 785 1096 Cosmus
828 993 1115 1068 terreni
1182 994 1586 1096 generibus
1607 1049 1630 1087 ,
1707 1019 1874 1094 quae
1942 994 2145 1072 Tur·

258 1092 621 1168 melinum
672 1113 1183 1194 componunt,
1236 1116 1652 1196 eorumque
1685 1106 2150 1197 mutua‘pt‘o-

258 1194 654 1294 portione,
704 1193 906 1270 haud
956 1192 1273 1271 obscure
1358 1195 1601 1272 elucet
1663 1196 1872 1272 illum
1949 1199 2154 1274 inter

261 1295 653 1398 argillacea
702 1287 847 1372 effe
900 1294 1740 1395 collocandum,·quum
1792 1297 1915 1372 illa
1998 1317 2150 1372 ter·
2207 1361 2210 1364 .

258 1419 336 1474 ra
384 1398 798 1471 maximam
850 1393 1118 1500 efficiat
1166 1401 1683 1499 quantitatem,
1732 1423 1898 1496 quae
1951 1398 2151 1489 aliae,

254 1495 684 1591 licermole
738 1495 969 1598 longe
1012 1500 1315 1590 minor,-
1370 1499 1517 1574 toti
1580 1518 1837 1574 tamen
1902 1495 2152 1575 maffae

250 1593 466 1674 suum
510 1599 958 1700 imprimere
1008 1598 1190 1676 solet
1248 1603 1579 1698 genium.
1651 1609 1658 1616 ’

392 1749 493 1825 IN
596 1752 863 1828 ommis
913 1749 1179 1830 eadem
1226 1753 1706 1852 reperiuntur
1754 1743 2159 1850 principia,

254 1847 334 1928 &
384 1853 512 1950 qui
576 1877 699 1928 em
742 1851 1170 1930 abundante
1224 1857 1452 1928 etiam
1504 1850 1769 1956 argilla
1799 1909 1824 1944 ‚
1882 1851 2024 1925 illis
2049 1873 2154 1926 ta·

254 1976 433 2028 men
486 1953 974 2030 Turmalinus
1024 1955 1157 2030 vix
1199 1951 1808 2030 adnumerandus
1853 1949 1994 2044 est,
2023 1951 2156 2051 qui

255 2053 500 2129 multo
572 2053 861 2130 laxiore
934 2053 1214 2157 gaudet
1288 2079 1685 2160 compage.
1831 2053 2155 2152 AEquale

255 2177 587 2253 namque
664 2151 890 2230 alkali
947 2156 1324 2232 mine-ralis
1412 2155 1712 2256 pondus
1775 2150 2216 2228 Turmali-.

254 2277 442 2330 num
492 2251 785 2346 fundit,
836 2256 1045 2353 quod
1097 2279 1195 2330 ne
1238 2255 1589 2357 'duplum
1647 2257 1959 2356 quidem
2023 2276 2158 2328 va-

248 2355 361 2433 let
408 2353 1223 2460 gemmae'admixmm.
1561 2406 1564 2410 -
1927 2353 1934 2360 ’

408 2507 761 2583 Hamus
790 2506 997 2601 -tubo
1051 2506 1678 2583 ferruminatorio
1712 2503 2159 2607 conspicuus
2287 2509 2300 2516 “

258 2608 752 2685 zeolithicam
826 2610 1190 2683 mentitur
1241 2608 1584 2683 indolem
1619 2661 1642 2699 ,
1695 2605 1822 2683 sed
1871 2608 1950 2682 in
1997 2604 2166 2699 hoc,

258 2708 594 2787 filiceum
650 2708 1009 2797 abundat,
1068 2708 1150 2786 δι
1212 2707 1406 2785 adeo
1475 2708 1710 2784 debili
1772 2708 1851 2782 vi
1907 2729 2162 2807 partes

260 2809 799 2887 constituentes
881 2810 1319 2901 cohaerent,
1415 2829 1498 2883 ut
1537 2861 1562 2902 ,
1650 2806 1805 2885 fine
1876 2810 2164 2907 praevia

260 2936 437 2985 eum
486 2908 717 2983 alkali
758 2907 921 3006 fixo
964 2934 1133 3010 ,prae
1190 2912 1569 3001 aratione,
1618 2905 1965 2984 solubiles
2027 2930 2168 2983 ex-

256 3011 567 3092 trahere
620 3024 900 3108 queant
950 3034 1125 3085 men
1195 3008 1627 3107 mancida,
1659 3012 1740 3088 &
1795 3009 2000 3085 calor
2036 3009 2168 3085 de-

243 3110 719 3200 stillaret-ine,
771 3107 1014 3187 saltim
1074 3136 1221 3209 qua
1265 3118 1626 3216 magnam
1699 3132 2034 3211 partem,
2067 3134 2167 3203 ,a-

259 3236 493 3313 quam
534 3210 941 3309 expellere.
1044 3210 1244 3288 Cu'm
1294 3209 1646 3288 schoerlo
1691 3211 1959 3308 majori
1989 3236 2170 3286 con·

258 3313 608 3414 jungitur
668 3313 1151 3414 cognatione.
1250 3312 1458 3388 Huic
1531 3312 1735 3387 enim
1799 3315 2170 3415 congruit

260 3412 789 3490 Turmalinus.
824 3438 985 3487 non
1054 3431 1347 3489 tantum
1390 3411 1949 3514 'crystallorum
2005 3410 2169 3488 for-

262 3538 431 3607 ma,
483 3513 565 3591 &
622 3510 1199 3610 quodammodo
1251 3510 1554 3607 habitu5
1612 3533 1764 3588 tam
1820 3514 1902 3586 in
1955 3514 2174 3611 igne,

266 3610 625 3713 quam'in
655 3610 1090 3707 menstruis,
1132 3612 1260 3689 sed
1297 3614 1522 3689 etiam
1557 3638 1712 3691 non
1755 3636 2173 3710 numquam

262 3716 553 3795 virtute
616 3710 1019 3809 elestrica,
1092 3738 1263 3891 qua}
1324 3711 1458 3791 suo
1531 3717 1616 3793 in
1694 3712 2212 3883 sequentibus„

1311 3839 1359 3895 2
2091 3834 2176 3905 οι,
