2760 4749
625 337 788 422 442
847 307 967 396 De
995 309 1508 397 minerarum
1536 305 1993 416 Docimasia
2020 307 2393 395 humida.

619 540 1028 622 terogenea
1087 518 1514 596 continebit
1592 521 1908 602 metalla.
2028 522 2105 595 Si
2166 526 2351 623 quid
2409 551 2520 600 ar·

561 656 564 662 ·
620 627 836 726 genti
883 619 1066 696 inest
1113 623 1264 696 hoc
1310 617 1443 697 sub
1472 618 1841 696 solut-ione
1894 623 2193 698 acidum
2250 629 2515 702 muria·
2631 615 2632 672 ἶ

619 725 850 800 ticum
903 723 1172 822 recipit
1219 722 1300 803 &
1349 725 1431 797 in
1478 720 1718 796 fundo
1780 719 2067 798 salitum
2122 726 2361 806 restat.

777 875 1093 952 Fanum
1147 875 1279 948 vix
1333 875 1659 949 omnino·
1704 871 2162 976 desideratur
2214 878 2299 953 ὃς
2362 903 2515 952 non

621 1001 798 1058 raro
850 995 1054 1050 tanta
1101 972 1301 1049 adest
1353 975 1815 1072 quantitate,
1876 997 1958 1050 ut
2003 975 2261 1056 &nassa
2329 981 2515 1052 oria.

619 1097 742 1152 tur
814 1074 1087 1164 nitida,
1163 1073 1544 1175 saepiffime
1626 1075 2107 1174 crystallina,
2200 1082 2515 1160 nomine

619 1171 1016 1276 Mfipic'kel
1049 1174 1295 1276 ‚vulgo
1369 1197 1595 1272 nota,
1671 1201 1836 1274 quae
1902 1176 2069 1277 jure
2142 1177 2513 1254 Arseuico

618 1279 879 1352 nativo
931 1273 1503 1367 adnumeratur,
1552 1302 1782 1374 quum
1862 1279 2051 1354 nihil
2088 1271 2092 1276 ’
2127 1279 2515 1354 contineat
2631 1279 2632 1294 ¹

621 1381 760 1452 nec
809 1375 1229 1477 sulphuris,
1270 1401 1409 1452 nec
1458 1379 1651 1451 acidi
1703 1375 2312 1455 mineralisantis.
2384 1381 2443 1452 F
2448 1405 2512 1452 a·

617 1481 763 1554 teri
820 1477 1128 1575 quidem
1167 1499 1473 1577 oportet
1522 1477 1767 1576 ipsum
1841 1477 2260 1553 arsenicum
2332 1481 2513 1553 nihil
2631 1549 2632 1560 ,

619 1576 764 1654 effe
818 1577 1053 1665 aliud,
1111 1604 1334 1676 quam
1374 1576 1802 1653 distinstum
1860 1579 2154 1654 acidum
2208 1579 2513 1682 phlogi·
2631 1635 2632 1656 ἢ

617 1676 729 1766 sto
789 1679 1259 1778 coagulatum
1307 1678 1531 1753 instar
1596 1678 1987 1778 sulphuris,
2096 1681 2247 1754 Sed
2312 1680 2513 1758 idem

619 1779 822 1856 forte
871 1778 1070 1854 valer
1119 1779 1214 1856 de
1267 1778 1619 1855 omnibus
1666 1781 2022 1871 metallis,
2078 1781 2164 1856 &
2210 1805 2515 1880 praeter·

617 1904 700 1956 ea
774 1881 1067 1954 acidum
1136 1879 1497 1969 arsenici‚
1568 1879 1952 1983 phlogisto
2016 1882 2189 1978 plus
2268 1885 2511 1958 minus

615 1978 958 2056 onustum
989 2037 1011 2070 ,
1074 1979 1364 2056 acidam
1432 1987 1637 2056 exuit
1710 1981 2047 2056 ¹naturam
2088 2034 2109 2068 ,
2182 1981 2510 2082 ideoque
2631 2001 2632 2084 ᾗ

613 2083 694 2156 in
745 2082 895 2156 hoc
944 2079 1125 2156 statu
1179 2082 1285 2155 uti
1323 2079 1838 2156 mineralisans
1884 2079 2161 2180 respici
2214 2089 2509 2180 nequit,
2631 2087 2632 2102 ¹

613 2178 669 2256 fi
715 2201 959 2256 autem
1015 2181 1285 2256 alicubi
1337 2179 1559 2256 instar
1608 2179 1965 2278 menstrui
2012 2181 2210 2256 acidi
2260 2184 2341 2257 in
2390 2209 2509 2260 na·

612 2302 800 2359 tutae
850 2283 1145 2383 gremio
1187 2285 1507 2387 cuipiam
1562 2283 1866 2357 metallo
1926 2305 2252 2383 nuptum
2296 2309 2508 2393 repe·

613 2385 880 2476 riatur,
929 2404 1088 2458 tum
1137 2383 1290 2461 fine
1349 2382 1581 2463 dubio
1634 2383 2114 2462 mineralisat.

765 2534 874 2631 B)
925 2537 1365 2611 Ansamcma
1410 2502 1728 2632 sulphure
1796 2536 2359 2637 minaalffietum
2439 2563 2511 2613 a·

613 2634 788 2711 cido
846 2633 1007 2711 salis
1074 2634 1453 2725 solvatur,
1538 2634 1891 2713 instillato
1962 2660 2109 2735 pro
2182 2660 2269 2714 re
2344 2660 2509 2712 nata
2631 2662 2632 2671 ¹

609 2736 775 2837 plus
825 2741 1070 2811 minus
1115 2734 1319 2811 acidi
1349 2733 1607 2815 nitrofi
1635 2789 1656 2827 ,
1704 2736 1891 2813 adeo
1933 2758 2014 2813 ut
2065 2734 2383 2835 sulphur
2414 2736 2507 2812 se·

610 2860 956 2913 cernatur
1005 2838 1216 2911 omni
1251 2836 1640 2913 liberatum
1673 2837 2065 2915 metallice.
2177 2839 2507 2936 Sulphur

605 2936 890 3028 lotum,
933 2937 1331 3016 colleRum
1379 2937 1459 3013 δι
1511 2936 2023 3036 ponderatum
2077 2938 2510 3033 arse-nicalis

606 3042 840 3134 partis
892 3030 1380 3135 qiiantitatem
1430 3037 1641 3113 fimul
1690 3040 1995 3137 prodit,
2032 3062 2197 3136 quae
2243 3062 2509 3117 tamen

608 3136 908 3223 seorfim
995 3163 1182 3237 aqua
1247 3139 1758 3238 praecipitetur
1834 3140 1913 3217 ὃς
1978 3163 2122 3239 qua
2198 3141 2511 3239 pondus

607 3241 1116 3329 examinetur,
1167 3239 1374 3335 quod
1424 3240 1697 3337 ubique
1728 3238 1895 3315 fieri
1922 3238 2145 3315 debet
2205 3242 2285 3315 in
2327 3266 2509 3317 con·

607 3334 949 3412 clusionis
1005 3338 1713 3431 confirmationem,
1762 3341 1893 3415 ubi
1944 3338 2205 3415 exaesta
2254 3344 2512 3439 requi·

605 3440 787 3515 ritui·
854 3438 1260 3512 adcuratio.
1390 3437 1835 3515 Arsenicum
1904 3439 2189 3518 {alitum
2266 3444 2505 3517 zinco

603 3545 825 3622 etiam
881 3538 1332 3639 praecipitari
1378 3538 1618 3639 potest
1666 3538 2159 3635 metallicum,
2245 3540 2509 3621 soluti·

602 3665 752 3719 one
802 3664 942 3743 per
983 3640 1328 3739 spiritum
1384 3643 1544 3716 vini
1602 3644 1948 3745 mitigata.

2330 3796 2511 3874 Sur.-
