2760 4749
663 321 772 444 69
1095 312 1222 400 De
1279 313 1541 426 lapide
1600 315 2137 436 hydrophavzo.

664 524 962 604 difficile
991 583 1016 620 ‚
1075 547 1156 602 ut
1206 528 1338 604 vix
1386 525 1615 606 semel
1665 527 2054 623 succe'dat,
2102 527 2282 604 dum
2330 532 2550 630 quin-

663 625 1170 730 quies-massa
1253 625 1636 728 liquescit.⁴
1742 632 2036 708 Scilicet
2090 654 2240 732 quo
2302 634 2555 732 magis

663 727 962 830 alkalini
1033 727 1481 830 adhibetur,
1573 754 1665 806 eo
1717 731 1915 834 quasi
1984 735 2311 830 aperitur
2392 756 2559 808 me-

661 831 802 906 lius
853 853 1258 942 compages
1311 828 2127 920 menstruis,-solubilia
2178 829 2561 908 extractu-

661 933 804 1023 τίς,
885 928 1015 1004 sed
1105 930 1315 1004 hmul
1396 951 1702 1032 augetur
1781 918 2089 1006 fusionis
2178 931 2553 1031 pronitas.

661 1027 903 1107 Mass’a
949 1051 1217 1105 autem·
1253 1027 1409 1106 fusa
1462 1032 1671 1107 ferro
1718 1056 1875 1107 non
1920 1029 2181 1134 potest·
2236 1055 2397 1105 non
2473 1056 2559 1106 o·

663 1132 948 1223 nei-ati,
1046 1129 1254 1230 quod
1334 1127 1882 1234 separationem
1990 1133 2559 1234 principiorum
2678 1151 2695 1162 ‘

661 1231 1086 1306 adcuratam
1131 1253 1491 1332 perquam
1541 1231 1923 1307 molestam
1978 1233 2190 1322 facit,
2244 1231 2325 1306 &
2364 1255 2557 1332 por·

659 1332 772 1406 tio
829 1353 1130 1431 quoque
1201 1334 1684 1432 pertinaciter
1758 1331 2061 1408 vasculo
2144 1330 2555 1424 adcrescit,

661 1431 864 1508 haud
945 1431 1188 1506 facile·
1233 1432 1571 1508 laxanda.
1690 1434 1881 1508 Haec
1952 1434 2187 1534 igitur·
2256 1437 2555 1507 incom‹

662 1533 894 1608 moda
971 1529 1274 1608 sollicite
1345 1531 1510 1610 sunt
1554 1533 1905 1609 evitanda
1940 1586 1961 1624 ‚
2034 1532 2117 1608 ’δι
2166 1534 2294 1630 qui
2347 1533 2553 1636 ignis

659 1633 828 1711 heic
875 1629 1150 1708 fastidit
1211 1631 1741 1736 scrupulosum·
1799 1639 2188 1737 regimen,
2256 1636 2553 1730 quanti·

658 1753 892 1812 tatem
942 1732 1104 1808 salis
1152 1733 1437 1810 minuat
1472 1731 2057 1833 oportet'usque
2126 1732 2307 1808 dum
2386 1759 2555 1810 non

660 1834 798 1909 nifi
844 1854 1182 1932 quartam
1236 1833 1358 1908 vel
1401 1830 1675 1936 sextam
1719 1833 2074 1936 ponderis
2122 1823 2561 1910 Chalcedo-'

661 1936 772 2008 nii
830 1954 1118 2035 partem
1173 1933 1489 2024 efficiat,
1562 1933 2023 2032 quomedio
2091 1935 2317 2016 etiam
2374 1933 2551 2012 finis

663 2033 990 2108 obtineri
1043 2033 1319 2132 potest,
1365 2033 1872 2136 imperfectius
1922 2054 2173 2108 tamen
2209 2025 2345 2130 f)‘.'
2398 2032 2548 2115 Sed

662 2131 757 2207 ad
801 2132 1188 2234 globulum
1242 2134 1760 2224 redeundum,
1812 2136 1971 2234 qui·
2014 2134 2195 2235 igne
2260 2133 2548 2211 idoneo

660 2253 950 2308 tantum
1005 2231 1287 2314 fatiscit.
1354 2239 1358 2254 '
1402 2236 1789 2330 pulverem
1874 2233 2272 2309 comestum
2327 2236 2549 2310 acido

660 2336 1056 2413 muriatico
1106 2335 1348 2430 indidi
1398 2335 1478 2411 δι’,
1531 2338 1609 2411 in
1662 2333 2395 2437 calore-digt-:stionis¹
2432 2357 2552 2411 te·

561 2506 604 2517 .-
661 2444 846 2527 nui,
901 2434 1146 2511 donec
1195 2434 1521 2513 refiduus
1584 2462 1893 2513 omnem
1974 2434 2327 2515 menstrui
2378 2437 2545 2515 vim

660 2536 1079 2636 spernebat.
1161 2584 1168 2591 ·
1223 2537 1467 2620 Pulvis
1555 2536 1905 2612 insolutus
1992 2560 2176 2635 pure
2257 2536 2549 2611 siliceus

663 2638 1013 2720 collectus
1043 2692 1064 2727 ,
1118 2638 1310 2713 lotus
1364 2636 1444 2713 δι
1494 2637 1886 2726 exficcatus
1938 2638 2277 2737 pondere
2313 2640 2547 2736 aequi·

661 2737 957 2813 valebat
1015 2752 1109 2832 84
1157 2738 1366 2815 libris
1436 2735 1977 2829 docimasticis‚
2059 2736 2257 2833 adeo⁴
2300 2758 2379 2811 ut
2432 2737 2543 2811 so-

659 2836 810 2919 luta
858 2859 1027 2936 pars
1094 2846 1180 2913 16
1237 2834 1641 2927 constaret,
1697 2864 1859 2937 quae
1930 2840 2388 2937 praecipitata
2460 2826 2563 2927 δέ,

658 2936 1048 3035 explorata
1113 2956 1265 3033 tota
1319 2958 1589 3034 quanta
1661 2939 2174 3043 reperiebatur
2244 2935 2544 3039 argilla-

661 3060 836 3125 cea‚
905 3036 1222 3111 martiali
1291 3036 1596 3133 quidem
1652 3042 2199 3128 contaminata,
2259 3036 2386 3112 sed
2444 3061 2542 3111 ne

656 3134 1019 3219 leviffimo
1057 3135 1361 3233 quidem
1408 3160 1812 3245 apparente
1847 3140 2157 3238 calcarei
2194 3136 2539 3243 vestigio,

581 3394 592 3403 .
810 3322 1218 3397 PRAETEREA
1275 3324 1719 3403 memorasse
1770 3328 2020 3427 juvat,
2071 3324 2274 3425 quod
2329 3325 2539 3399 idem

656 3420 1247 3513 ChalcedoniUS,
1301 3422 1451 3500 sine
1523 3428 1997 3527 praecedente
2058 3452 2227 3502 cum
2310 3425 2542 3501 alkali

655 3524 1235 3628 praeparatione²
1283 3524 1501 3607 acido
1556 3553 1853 3636 quoque
1907 3528 2301 3611 mt'triatico
2338 3551 2549 3707 {taem

1406 3640 1413 3649 ’
2420 3644 2541 3703 eat

726 3798 818 3893 f)
864 3764 1040 3866 cons.
1081 3780 1291 3871 comm.
1337 3801 1407 3867 de
1446 3806 1815 3870 &ammarum
1866 3822 2043 3907 tert-q,
2086 3808 2141 3887 §.
2176 3805 2294 3872 111.
