2760 4749
646 371 803 462 268
1240 463 1249 474 δ
1286 357 1413 446 De
1462 357 1567 445 N
1563 356 1826 448 icc-olo,

790 571 887 672 B)
942 574 1329 652 SoLvrruR
1374 573 1748 650 niccolum
1799 571 2028 648 acidis
2073 571 2386 676 singulis
2434 577 2547 649 vi·

632 674 778 752 ridi
842 675 1124 750 colore.
1234 675 1692 749 Vitriolicum
1743 676 2016 750 calcem
2074 673 2386 776 suscipit
2467 677 2550 758 ὃς

632 775 965 854 viridem
1016 776 1297 853 format
1341 774 1567 851 salem
1618 774 2113 869 decaedrum,
2173 777 2456 880 figurae
2481 803 2546 852 a·

629 879 1018 955 luminaris
1064 875 1507 980 compress'ae
1542 928 1565 969 ,
1619 877 1952 977 apicibus
2027 878 2325 956 duobus
2395 905 2550 979 op-

630 979 917 1082 pofitis‚
953 982 1351 1055 truncatis:
1418 978 1764 1080 regulum
1837 983 1974 1056 vix
2037 976 2546 1082 adgreditur,

626 1082 767 1157 nifi
839 1079 933 1156 ad
1006 1079 1279 1156 ficcum
1356 1081 1831 1181 vaporando.
1945 1079 2304 1178 Nitrosum
2379 1104 2540 1181 ope

628 1182 905 1258 calori&
980 1202 1135 1257 tam
1197 1178 1518 1271 calcem,
1585 1205 1809 1281 quam
1857 1182 2206 1286 regulum
2274 1180 2542 1276 solvit,

627 1282 1161 1388 crystallosque
1227 1277 1512 1360 format
1571 1282 1886 1360 caeruleo
1954 1283 2283 1373 virideS,
2367 1281 2538 1385 spa·

622 1387 879 1462 thosas
936 1387 1015 1462 &
1064 1382 1679 1482 deliquescente82
1781 1383 2248 1462 Muriaticum
2295 1383 2380 1460 &
2419 1408 2536 1460 re-

625 1488 886 1590 gulum
941 1487 1023 1562 &
1077 1485 1356 1582 calcem
1389 1541 1410 1578 ‚
1470 1487 1680 1561 tarde
1734 1509 2022 1578 tamen,
2095 1488 2376 1586 recipit
2453 1486 2530 1563 δε

624 1589 874 1664 calore
920 1586 1358 1683 juvandum.
1467 1586 1880 1666 Niccolum
1914 1588 2074 1666 tam'
2117 1592 2534 1679 nitratum²

623 1715 849 1790 quam
901 1688 1187 1766 salitum
1235 1708 1582 1788 recentes
1637 1687 2187 1787 deliquescunt,
2247 1688 2386 1765 sed
2437 1718 2530 1765 εει

618 1812 769 1866 tate
816 1793 891 1866 in
943 1789 1190 1866 libero
1238 1791 1319 1866 &
1366 1789 1613 1865 calido
1685 1801 1878 1868 aere·
1919 1791 2130 1866 acida
2181 1790 2308 1873 sua
2374 1791 2526 1866 sen·

618 1891 754 1967 fim
813 1893 1168 1981 mittunt,
1240 1890 1435 1966 adeo
1497 1912 1582 1967 ut
1635 1893 1800 1968 calx
1879 1893 2258 1969 niccolina
2329 1897 2524 1976 vire·

615 1992 831 2070 scens
876 1990 1235 2068 derelicta
1292 1991 1552 2085 restet,
1613 1991 1824 2072 ferro
1870 1994 1950 2070 &
2001 1996 2354 2074 arsenico
2417 1998 2520 2074 in·

617 2095 939 2191 quinata.
1045 2093 1450 2187 Arsenicale
1533 2119 1706 2172 eum
1779 2095 2059 2172 niccoli
2144 2095 2356 2174 calce
2445 2100 2516 2180 in

611 2192 933 2270 massam.
970 2191 1279 2270 salinam
1328 2191 1662 2271 viridem
1707 2197 2127 2274 concrescit
2142 2223 2164 2291 3
2194 2223 2378 2280 cum
2411 2222 2516 2274 re-

613 2296 794 2399 gulo
840 2318 1085 2372 autem
1132 2295 1526 2397 pulverem
1576 2296 1898 2374 secernit
1950 2298 2268 2377 salinum
2311 2321 2518 2407 aegre

610 2398 1025 2479 solubilem.
1121 2396 1420 2473 Acidum
1461 2396 1709 2500 fluoris
1760 2399 2116 2479 mineralis
2153 2427 2326 2478 curn
2363 2408 2511 2479 nic·

610 2500 1016 2579 coli-calce
1068 2522 1272 2603 aegre
1318 2496 1556 2575 soluta
1607 2499 1994 2605 crystallus
2045 2502 2277 2579 efficit
2329 2504 2512 2583 dilu-

564 2628 679 2701 *te
734 2600 1037 2683 virides,
1147 2598 1458 2683 Acidum
1509 2597 1778 2679 borneis
1831 2605 1964 2678 vix
2012 2603 2300 2683 direRe
2363 2609 2510 2681 nic·

607 2696 861 2781 colum
916 2700 1189 2790 solvit,
1241 2700 1446 2776 idem
1507 2723 1758 2781 tamen
1823 2704 2108 2808 duplici
2169 2704 2508 2783 adfinita-

605 2826 752 2880 tate
812 2802 1113 2903 suscipit
1166 2798 1258 2897 b).
1362 2802 1653 2877 Acetum
1705 2830 1878 2881 curn
1940 2806 2142 2884 calce
2186 2810 2270 2882 in
2335 2834 2508 2912 cry·

600 2904 851 2981 stallos
932 2902 1315 3004 spathosas
1374 2901 1453 2979 &
1506 2905 1978 2983 viridiffimas
2047 2909 2222 2985 abit.
2333 2912 2506 2985 Acie

598 3006 685 3080 do
748 3008 1017 3083 tartari
1072 3008 1205 3080 vix
1283 3001 1633 3097 solvitur,
1721 3008 1960 3085 saltim
2039 3008 2504 3091 menstruum

599 3133 757 3185 non
807 3108 1054 3188 tinxit.
1162 3104 1469 3179 Acidum
1494 3106 1861 3207 fite-chari,
1909 3137 2079 3186 cum
2128 3112 2506 3215 regulum,

597 3230 758 3283 tum
812 3210 1034 3285 etiam
1080 3208 1357 3283 calcem
1415 3208 1867 3287 niccolinam
1923 3234 2160 3289 mutat
2212 3216 2293 3289 in
2351 3215 2506 3315 pul-

595 3334 859 3389 verem
920 3308 1253 3384 albidum
1284 3365 1305 3400 ‚
1344 3332 1533 3409 aqua
1578 3338 1734 3387 non
1785 3311 2001 3389 facile
2031 3311 2504 3403 solvendum.

592 3412 902 3488 Acislum
940 3405 1307 3507 phosphori
1378 3436 1646 3507 parum
1714 3417 2004 3515 appetit
2048 3419 2330 3494 niccoli
2364 3419 2500 3493 cal-

594 3536 788 3602 cem,
834 3538 999 3586 cum
1052 3537 1197 3610 qua
1241 3510 1625 3611 crystallos
1681 3539 1837 3591 non
1869 3516 2194 3609 format,
2257 3522 2500 3595 immo

590 3615 1049 3697 solutionem
1099 3615 1233 3693 vix
1297 3613 1800 3696 virescentem
1888 3618 2201 3723 praebet.
2324 3624 2500 3799 ‹dsci-

2387 3748 2498 3799 11111

582 3845 641 3871 s
675 3872 746 3951 h)
784 3875 876 3939 N.
922 3870 1066 3937 Asta
1109 3870 1251 3951 Ups.
1288 3873 1404 3938 vol.
1453 3877 1546 3949 11,
1592 3897 1726 3959 pag.
1760 3893 1905 3942 210.
