2760 4749
632 357 797 452 284
1278 341 1408 428 De
1463 343 1874 455 Arsenico.

622 555 863 629 nativi
922 553 1221 658 semper
1258 582 1432 633 cum
1495 555 1714 630 alkali
1763 549 2296 654 phlogisticato
2368 573 2503 626 cae·

618 655 909 730 ruleum
962 657 1436 735 berolinense
1503 660 1947 766 porrigere,
2035 649 2244 758 quod
2319 649 2502 734 ferti

616 755 901 831 evincit
944 759 1442 858 praesentiam.

762 907 1177 985 Ρυετειεᾼ
1212 910 1692 998 observetur,
1725 907 1930 1006 quod
1967 901 2268 1006 regulus
2309 925 2500 982 non-

550 1083 559 1090 ,
612 1007 817 1082 nulla
858 1008 1199 1084 <listinae
1252 1011 1676 1110 praecipitet
1721 1006 2018 1082 metalla
2077 1002 2314 1080 acidis
2383 1000 2500 1076 so·

606 1105 806 1200 luta,
868 1113 1109 1207 qualia
1174 1109 1341 1188 sunt
1399 1134 1661 1186 aurum
1713 1107 1796 1188 δι
1843 1107 2128 1208 platina
2171 1106 2258 1178 in
2309 1125 2497 1200 aqua

604 1209 855 1310 regi8‚
902 1233 1047 1286 nec
1090 1236 1249 1286 non
1308 1231 1702 1310 argentum
1757 1207 1840 1284 δε
1909 1206 2494 1310 hydrargyrum

600 1307 683 1382 in
738 1309 959 1384 acido
1006 1331 1163 1386 tam
1212 1312 1632 1396 vitriolico‚
1685 1333 1908 1409 quam
1955 1304 2268 1386 nitroso.
2349 1303 2490 1378 Ar·

602 1431 917 1508 gentum
960 1411 1043 1484 in
1088 1410 1384 1510 spiculis
1441 1409 1700 1486 nitidis
1750 1432 2114 1509 perquam
2173 1407 2490 1507 egregie

598 1506 827 1586 instar
878 1511 1170 1586 arboris
1222 1513 1490 1588 Diana:
1535 1515 1618 1586 in
1684 1507 2168 1609 conspestum
2223 1509 2488 1582 venire

598 1607 835 1700 solet,
880 1610 929 1684 fi
984 1614 1285 1690 veroin
1340 1611 1708 1688 solutione
1757 1607 2038 1688 nitrosa
2067 1631 2338 1714 parum
2375 1605 2488 1690 di.-

594 1709 747 1783 luta
800 1711 1028 1786 nimis
1074 1713 1203 1786 diu
1256 1713 1738 1813 relinquitur,
1793 1709 2073 1808 spicula
2123 1727 2486 1808 argentea

592 1809 867 1885 iterum
912 1809 1345 1904 solvuntur,
1397 1836 1628 1912 quum
1705 1812 2124 1885 arsenicum
2193 1810 2484 1881 interea

590 1908 819 1984 fuerit
860 1912 1237 2009 phlogisto
1281 1932 1794 2012 pauperatum.
1917 1908 2346 1984 Vismutum
2405 1905 2482 1990 &

492 2083 501 2094 ,
586 2010 1085 2086 antimonium
1132 2012 1516 2090 obscurius
1567 2011 2076 2090 deturbantur.

742 2159 1195 2240 Ans-‚meum
1246 2162 1328 2245 &
1368 2163 1660 2244 ferrum
1703 2166 1785 2242 in
1837 2159 2140 2245 miscela
2185 2179 2478 2240 natura·

582 2258 639 2336 li
673 2311 697 2351 ‚
750 2285 917 2360 quae
960 2260 1412 2363 Misspiekel
1465 2267 1592 2340 vul
1651 2291 1702 2342 o
1737 2263 1999 2353 audit,
2033 2264 2286 2353 unita,
2330 2261 2480 2344 aci.-

580 2359 687 2435 do
730 2359 893 2440 salis
946 2363 1067 2439 vel
1113 2388 1299 2467 aqua
1344 2369 1546 2467 regis
1635 2368 1732 2445 ub
1781 2361 2203 2469 digestione
2271 2361 2474 2461 sepa·

576 2462 731 2537 rari
782 2461 1106 2565 possunt.
1211 2467 1510 2543 Scilicet
1547 2470 1754 2568 prius
1803 2464 2268 2541 menstruum
2335 2463 2474 2537 hac
2523 2516 2534 2529 .

574 2560 951 2638 methodo
1004 2588 1159 2639 non
1189 2566 1321 2639 nifi
1358 2566 1638 2642 ferrum
1689 2565 2175 2666 adgreditur,
2219 2564 2304 2641 δε
2339 2587 2472 2663 po·

571 2656 829 2736 sterius
858 2718 885 2757 ,
936 2663 1111 2740 licet
1155 2686 1558 2765 utrumque
1603 2667 1892 2743 solvere
1948 2688 2202 2764 queat,
2279 2662 2470 2739 arse·

570 2759 821 2870 uicum
892 2783 1141 2839 tamen
1212 2792 1366 2841 non
1439 2767 1772 2869 suscipit,
1845 2766 2208 2865 quamdiu
2283 2764 2472 2840 ferri

567 2855 977 2965 qundquam
1030 2862 1566 2967 restat,jdque
1619 2870 1700 2944 vi
1765 2865 2234 2943 attrafflonis
2323 2866 2472 2941 ele·

564 2958 806 3061 etivae.
866 2959 975 3034 Ut
1026 2986 1273 3039 autem
1320 2992 1553 3043 omne
1587 2967 2008 3043 arsenicum
2065 2966 2468 3065 solumque

562 3068 645 3119 m
698 3047 937 3166 funflo
1002 3084 1439 3158 remaneat,
1509 3068 1966 3143 subtiliffirna
2054 3068 2468 3165 requiritur

559 3144 1073 3251 pulverisatio,
1127 3165 1482 3242 menstrui
1523 3168 1604 3245 ὃς
1655 3168 1840 3266 justa
1885 3168 2112 3265 copia
2143 3168 2226 3242 &
2281 3192 2466 3242 con·

556 3248 879 3419 {gssffisss
951 3256 1323 3337 fortitudo
1339 3318 1363 3356 ,
1426 3265 1784 3367 fimulque
1858 3270 2064 3343 calor
2139 3266 2468 3345 sollicite

846 3375 904 3423 r.

699 3490 787 3591 C)
842 3496 986 3573 Vm
1040 3504 1347 3585 humida
1406 3513 1632 3597 serius
1679 3516 2014 3612 Alkalia,
2063 3544 2298 3624 quam
2331 3518 2466 3594 fic·

546 3611 631 3661 ca
686 3613 1137 3693 operantur,
1175 3632 1404 3705 quum
1453 3616 1887 3720 phlogiston
1929 3620 2138 3719 prius
2192 3623 2284 3695 sit
2325 3624 2462 3694 mi·

542 3694 928 3771 nuendum
956 3752 977 3789 ‚
1028 3726 1251 3799 quam
1300 3716 1520 3789 realis
1555 3718 1852 3825 obtinet
1890 3723 2105 3803 unio.
2215 3719 2462 3823 Hepar

2341 3820 2457 3913 ffi-
