2760 4749
606 363 777 500 ⁹294.
1256 376 1383 471 De
1417 383 1856 498 .Arfinico.

595 623 822 702 quam
875 595 1297 678 arsenicum
1351 595 1518 696 plus
1593 599 1850 672 minus·
1905 587 2522 700 dephlogistieaa

592 721 799 796 tum,
850 699 1145 804 semper
1186 719 1444 777 tamen
1487 698 1662 776 albo
1711 699 2137 800 pauperius,

746 903 1065 982 Actum«
1091 903 1538 978 muriaticam
1563 895 2002 1002 phlogiston
2033 895 2267 976 instar
2293 901 2516 1002 prin-

592 1001 777 1104 cipii
826 1003 1202 1092 continet,
1266 1001 1592 1102 ideoque
1649 1001 2072 1079 arsenicum
2122 999 2390 1077 album
2445 1023 2516 1080 a·

589 1104 766 1183 liter
830 1101 1307 1206 adgrediturt
1380 1122 1950 1180 concentratutn
2024 1104 2326 1178 tertiam
2407 1100 2520 1182 sui

588 1203 959 1306 ponderis
1012 1224 1305 1303 partem
1359 1204 1725 1297 ebulliens
1793 1199 2060 1292 solvit,
2111 1202 2322 1301 cujus
2375 1201 2516 1277 sub

590 1303 1183 1409 refrigeratione
1261 1303 1464 1381 haud
1552 1305 1824 1406 exigua
1889 1305 2152 1406 portio
2222 1307 2516 1381 iterum

590 1406 644 1486 s
686 1429 867 1482 onte
918 1403 1297 1508 separatur
1328 1461 1352 1498 ,
1435 1404 1560 1482 sed
1633 1405 1854 1482 acido
1915 1401 2080 1482 salis
2159 1401 2512 1485 saturata.

586 1433 748 1590 lgic
800 1505 944 1600 sal,
994 1511 1123 1606 qui
1178 1501 1407 1585 etiam
1463 1503 1936 1609 crystallinus
1985 1505 2252 1584 haberi
2333 1527 2512 1607 pot·

588 1604 743 1701 est,
788 1605 1396 1709 praecedentibus
1448 1608 1686 1685 multo
1729 1608 1834 1684 est
1892 1606 2284 1686 volatilior
2308 1659 2332 1700 ‚
2363 1630 2512 1683 nec

586 1706 748 1786 ullo
802 1707 1040 1788 modo
1088 1711 1543 1810 ignitionem
1583 1707 1914 1808 perferte
1960 1708 2044 1784 in
2085 1704 2260 1785 vase
2315 1707 2510 1784 clau·

587 1807 679 1890 so
724 1830 921 1886 totus
989 1807 1205 1886 facile
1280 1806 1766 1894 sublimatur:
1833 1833 2024 1908 aqua
2089 1806 2508 1884 ebulliente

585 1933 821 2012 parce
871 1909 1185 1986 solvitur
1238 1909 1331 2010 (§.
1385 1911 1490 1986 IX
1519 1970 1542 2006 ,
1595 1910 1725 2010 D).
1832 1910 2027 1988 Haec
2081 1907 2363 1988 solutio
2429 1931 2506 1986 e·

585 2015 853 2114 gregie
906 2010 1135 2086 flavet
1174 2011 1255 2089 ὅτ,
1305 2035 1345 2086 a
1398 2013 1689 2116 Butyro
1747 2008 2064 2090 arsenici
2133 2011 2270 2086 vix
2349 2007 2510 2086 dif·
2653 2019 2662 2030 '

584 2121 776 2204 tert,
823 2109 957 2185 nisi
1012 2116 1652 2188 concentrationis
1699 2110 1940 2218 gradu
1987 2113 2082 2214 (§.
2139 2110 2291 2206 1⁸11,
2361 2109 2504 2211 D).

585 2209 761 2312 Ipsa
831 2210 1027 2288 acidi
1114 2209 1282 2288 salis
1361 2212 1658 2291 indoles
1729 2211 2014 2305 obstat,
2087 2212 2504 2313 quominus

584 2311 971 2393 mediante
1028 2311 1163 2388 illo
1248 2313 1546 2391 acidum
1624 2313 2047 2391 denudetur
2123 2309 2502 2406 arsenici,

584 2414 796 2515 quod
851 2413 1093 2490 nihilo
1154 2416 1400 2490 minus
1476 2414 1832 2494 facillime
1892 2412 2201 2519 prodit,
2267 2412 2324 2492 fi
2385 2438 2502 2491 ar·

583 2516 844 2595 fenico
900 2514 1071 2607 albo
1104 2568 1125 2606 ,
1188 2515 1268 2589 in
1309 2516 1526 2591 acido
1585 2516 1746 2593 salis
1798 2516 2200 2594 ebulliente
2237 2515 2333 2591 ad
2386 2511 2498 2591 sa·

582 2619 922 2715 rietatem
972 2608 1253 2709 solum,
1304 2613 1697 2694 instilletur
1771 2616 1966 2694 acidi
2021 2614 2282 2695 nitrofi
2356 2615 2498 2695 du-

580 2718 798 2819 plum
852 2715 1221 2816 (respestu
1270 2714 1656 2818 arsenici),
1713 2741 1868 2817 quo
1929 2716 2128 2795 festo
2194 2716 2289 2794 ad
2362 2717 2496 2793 fic·

585 2839 759 2891 cum
813 2839 1139 2917 vaporet
1186 2817 1597 2919 liquidum,
1664 2818 1744 2899 δι
1807 2817 2108 2899 restabit
2184 2816 2494 2899 acidum

584 2914 935 3006 arsenici,
986 2916 1188 3016 quod
1224 2972 1244 3009 ,
1286 2940 1367 2997 ut
1424 2920 1642 3001 acido
1712 2921 2126 3025 peregrino
2179 2920 2492 3027 penitus

473 3069 487 3082 «
580 3015 990 3107 liberetur,
1041 3020 1219 3121 igne
1269 3043 1745 3122 torqueatur,
1791 3028 2040 3109 donec
2087 3022 2326 3123 igniri
2382 3022 2496 3097 in·

584 3117 831 3215 cipiat.
939 3121 1286 3203 Arse-uici
1326 3122 1476 3198 albi
1525 3148 1668 3201 που
1715 3143 1963 3227 partes
2025 3120 2178 3197 hoe
2241 3121 2490 3203 modo

582 3214 893 3291 tandem
944 3218 1141 3294 acidi
1188 3218 1359 3297 ficei
1413 3225 1713 3302 circiter
1759 3236 1857 3311 80
1888 3222 2278 3307 exhibent.
2334 3222 2490 3301 Sub

486 3390 491 3398 ,
579 3318 1029 3423 operatione
1082 3317 1376 3411 acidum
1417 3325 1597 3399 nitri
1641 3344 1936 3424 partem
1988 3323 2493 3413 inflammabi-

580 3416 737 3497 Iem
774 3416 1087 3493 arsenici
1136 3418 1285 3495 albi
1308 3471 1330 3511 ,
1367 3424 1751 3503 mediante
1788 3421 2158 3509 solutione
2193 3426 2494 3524 optime

578 3517 843 3611 divisi,
900 3519 1166 3596 melius
1222 3518 1590 3627 adtingit,
1636 3542 1862 3623 quam
1914 3525 2218 3627 pulveri
2266 3524 2488 3601 adfu-

425 3710 429 3715 ,
578 3618 765 3701 sum'.
844 3620 1050 3698 Hinc
1098 3644 1398 3723 quoque
1443 3626 1890 3731 intelligitur
1937 3648 2274 3744 cur-prae
2323 3626 2484 3709 aliis

578 3721 810 3807 acidis
855 3744 1123 3829 aquam
1179 3724 1386 3833 regis
1435 3724 1780 3837 fat-illue,
1833 3729 2110 3835 majori
2151 3728 2479 3841 ,quanti-

2305 3842 2474 3918 'tat‘
