2760 4749
791 314 918 404 De
973 335 1193 404 terra
1246 315 1541 424 filicea.
1691 289 1701 296 ’
2014 337 2123 424 4ς

233 527 776 634 ·quin·‘acidum
815 528 1077 606 fluoris
1123 527 1496 606 delitescat
1545 527 1624 601 in
1651 522 1819 626 ipso
1860 524 2126 614 fluore,

251 636 301 710 fi
333 635 542 708 enim
579 631 874 707 acidum
917 631 1174 706 fluoris
1218 655 1391 706 cum
1436 652 1625 728 aqua
1658 629 1878 702 calcis
1922 651 2129 701 com·

249 733 654 826 miscetur,
712 753 900 806 mox
951 734 1282 810 mixtura
1342 731 1432 806 fit
1476 726 1771 804 turbida
1833 726 1911 803 δι
1966 726 2129 826 pul-

251 833 364 911 vis
413 833 874 933 deponitur,
939 834 1070 931 qui
1119 832 1311 906 lotus
1377 831 1471 908 ὃς·
1518 829 1862 919 ficcatu3‚
1918 849 2133 902 certo

249 935 522 1010 caloris
573 932 817 1036 gradu
869 931 1489 1033 phosphorescit3
1542 956 1713 1006 cum
1768 927 1987 1004 acido
2020 931 2137 1004 vi-

245 1035 460 1112 trioli
513 1033 916 1108 destillatus
971 1034 1266 1108 aeidum
1333 1033 1591 1126 fluoris
1658 1030 1738 1106 &
1803 1029 2133 1106 filiceum

251 1137 650 1236 pulverem
716 1135 1103 1236 porrigit3
1167 1131 1569 1232 exac‘teque
1631 1134 1707 1206 in
1779 1131 2137 1206 omnibus

257 1237 476 1312 fluori
531 1233 882 1308 minerali
935 1237 1322 1310 convenit.
1394 1234 1562 1333 Qa
1608 1234 1839 1334 igitur
1889 1231 2135 1333 specie

257 1339 406 1436 jam
473 1335 800 1410 dubitari
866 1333 1110 1434 potest
1170 1361 1350 1409 num
1421 1332 1637 1427 insit,
1708 1335 1912 1434 quod
1974 1330 2137 1432 ipse

255 1437 630 1524 immiscui
691 1432 1052 1511 acidum?
1121 1433 1244 1534 Est
1308 1436 1537 1537 igitur
1601 1459 1871 1510 revera
1940 1435 2138 1508 fluor

251 1536 636 1613 mineralis
693 1535 858 1610 calx
919 1533 1140 1610 acido
1193 1536 1450 1611 fluoris
1515 1533 1786 1618 satiata.
1890 1534 2139 1610 Inter-

247 1638 440 1714 dum
491 1657 745 1712 tamen
817 1633 1002 1711 inest
1057 1635 1268 1712 fimul
1327 1637 1656 1740 paullum
1713 1636 1793 1711 &
1853 1634 2139 1736 argillae

251 1741 336 1816 ἃ
388 1735 659 1830 filicei,
723 1759 882 1811 non
935 1756 1188 1811 tamen
1250 1735 1588 1836 semper,
1640 1733 1773 1810 secl·
1820 1733 2139 1810 fortuito

252 1841 338 1916 &
407 1839 615 1914 nullo
683 1834 923 1912 modo
1004 1839 1099 1912 ad
1179 1835 1563 1912 essentiam
1643 1835 2138 1936 pertinentes.

253 1943 665 2030 Maxima,
735 1960 959 2037 quam
1018 1936 1370 2014 hastenus
1465 1938 1778 2026 inveni,
1851 1935 2138 2039 argillae

259 2040 462 2116 dofis
517 2039 656 2114 fuit
707 2063 761 2137 4
867 2063 1221 2115 ranorum
1293 2044 1370 2114 in
1422 2035 2138 2114 fluorismineralis

255 2142 506 2232 uncia,
543 2139 694 2214 hoc
753 2162 794 2216 e
881 2149 1048 2238 ἠδ.
1114 2139 1304 2214 inest
1359 2163 1659 2238 quoque
1720 2163 1875 2214 non
1926 2162 2139 2213 num-

263 2265 494 2342 quam
561 2237 760 2314 acidi
829 2242 1208 2314 muriatict
1263 2239 1790 2338 portiuncula,
1858 2264 2023 2336 quae
2095 2261 2131 2329 5

257 2365 498 2449 grana
525 2343 608 2417 in
633 2341 854 2416 uncia
881 2342 1142 2417 fluoris
1169 2339 1526 2417 hastenus
1557 2364 1712 2415 non
1735 2337 2134 2441 superavit.

401 2494 645 2570 Htscss
694 2482 1567 2594 perpenfis'mo'mentiS,
1629 2516 1793 2591 quae
1847 2515 2005 2566 non
2052 2515 2141 2565 u·

257 2597 432 2673 nica
483 2594 815 2671 alterave
861 2593 1356 2669 destillatione
1422 2592 1694 2669 leviter
1752 2590 1907 2667 visa
1976 2590 2147 2668 sunt

259 2696 619 2787 wileika,
680 2694 810 2771 sed
880 2692 1401 2795 saepenumero
1449 2695 1812 2795 repetita,
1866 2695 2147 2769 variata

258 2792 344 2875 &
395 2798 745 2876 adcurate
815 2797 1287 2885 examinata,
1359 2793 1454 2871 ad
1514 2820 1799 2872 novam
1860 2794 2144 2895 produ-

256 2895 599 2976 &ionem
639 2897 814 2975 heic
850 2919 1241 2975 recurrere
1279 2894 1769 2973 necessarium
1816 2895 2147 2991 videtur,

255 2998 472 3101 quod
525 3022 942 3097 numquam
993 3019 1284 3079 temere
1349 2996 1514 3074 fieri
1564 2994 1811 3075 debet.

407 3150 514 3229 IN
559 3172 845 3253 genere
892 3147 1356 3249 liquidorum
1406 3172 1826 3251 corporum
1888 3168 2149 3229 natura

253 3258 394 3331 vix
443 3252 664 3329 aliter
711 3252 1014 3353 concipi
1057 3252 1344 3353 potest,
1387 3262 1621 3351 ‘quam
1668 3248 1901 3331 instar
1964 3274 2149 3327 con-

255 3357 503 3533 ?eriei
570 3351 976 3430 solidarum
1053 3351 1597 3429 moleeuiarurn
1622 3408 1649 3444 ,
1730 3377 1897 3451 quae
1957 3350 2187 3452 adeoj

291 3476 432 3531 unt
489 3455 814 3559 exiguae,
846 3473 930 3531 ut
971 3474 1172 3529 certa
1209 3454 1478 3530 caloris
1512 3455 1923 3553 quantitate
1971 3475 2152 3529 one-

258 3576 442 3637 ratae
484 3558 688 3633 inter
727 3554 804 3631 se
839 3578 1004 3631 eam
1054 3552 1576 3631 nanciscantur
1620 3553 2152 3643 mobilitatem,

257 3680 430 3759 quae
474 3658 890 3765 requiritur
943 3656 1039 3733 ad
1099 3654 1431 3737 libellam
1484 3654 1976 3750 servandam,
2028 3655 2176 3741 &,·

2096 3752 2154 3835 fi
