2760 4749
600 343 649 404 2
664 341 695 402 1
708 319 762 400 6
1000 307 1127 400 De
1178 279 1536 396 Miner-is·
1583 301 1813 418 ferri
1865 305 2102 396 albis.

593 543 763 602 etur
818 522 1062 612 calce,
1136 540 1580 599 remanente
1657 517 1966 597 tandem
2029 517 2350 622 pristina
2421 517 2506 600 δι

592 622 889 714 forma,
943 623 1023 702 δι
1081 619 1652 727 magnitudine,
1699 647 1866 720 quae
1919 624 2314 722 explorata
2383 642 2504 696 to.

593 746 669 802 ta
712 725 954 800 iilicea
998 727 1379 800 invenitur
1415 775 1438 814 ,
1493 747 1666 798 nam
1753 722 2174 798 zeolithicae
2241 723 2508 796 matri-

594 828 703 902 cis
753 845 1005 926 partes
1058 825 1472 928 argillaceae
1525 825 1606 900 δι
1648 822 2026 914 calcareae,
2075 845 2226 924 ope
2295 845 2508 898 men·

594 925 816 1104 grui,
862 951 1033 1002 cum
1102 923 1486 1030 magnefio
1549 925 1919 1006 calcinato
1985 923 2200 1008 fimul
2249 942 2506 1000 extra·

656 1048 905 1106 untur.
1991 1055 1998 1062 ·

750 1180 1152 1256 Maonnsn
1184 1173 1452 1254 solutio
1497 1198 1654 1253 tam
1702 1176 1972 1270 rubra,
2015 1201 2244 1275 quam
2293 1175 2506 1252 colo·

594 1281 701 1358 ris
774 1302 1045 1380 expers
1066 1335 1090 1370 ,
1149 1277 1369 1354 alkala·
1442 1275 1916 1378 phlogifficato
1977 1277 2332 1374 dejicitur
2403 1302 2506 1354 ex

597 1379 855 1458 albido
882 1377 1320 1468 flavescens,
1356 1378 1490 1460 nifi
1515 1376 1722 1458 ferro
1745 1377 2062 1458 nimium
2092 1381 2504 1476 inquinata.

767 1548 1062 1630 Donum
1148 1548 1745 1626 memoravimus
1833 1547 2114 1626 calcem
2191 1549 2508 1647 nigram

596 1649 887 1736 diutina
942 1645 1458 1726 candescentia
1511 1645 1934 1742 virescere,
1963 1645 2172 1744 quod
2211 1650 2506 1746 primus

596 1747 1038 1828 observavit
1086 1746 1251 1828 Cel.
1308 1748 1641 1824 RINMAN
1681 1799 1704 1838 ‚
1758 1746 1885 1826 tali
1955 1749 2296 1848 periculo
2371 1771 2502 1822 ex·

596 1874 897 1954 ponens
978 1847 1434 1950 magnesiam
1523 1851 1874 1950 nigram,
1955 1873 2180 1946 quam
2248 1868 2506 1926 tamen

597 1953 876 2030 merito
962 1948 1424 2050 distinguere
1499 1971 1850 2048 oportet,
1994 1951 2222 2050 uippe
2299 1975 2506 2046 quae,

601 2049 731 2126 etfi
779 2073 924 2148 qua
978 2050 1388 2124 maximam
1444 2071 1738 2149 partem
1800 2072 1946 2124 con
2011 2070 2085 2128 et
2139 2049 2344 2126 calce
2395 2050 2508 2128 ni·

604 2174 778 2252 gra,
826 2149 1040 2224 fimul
1092 2170 1343 2228 tamen
1416 2151 1626 2224 varia
1697 2152 2038 2228 continet
2104 2149 2508 2253 heteroge-

602 2274 794 2342 nea‚
852 2272 932 2326 ut
991 2270 1229 2324 terras
1316 2249 1722 2331 calcat-eam
1756 2302 1779 2341 ‚
1853 2249 2366 2350 ponderosam
2423 2249 2506 2334 ὃς

600 2351 969 2441 miceam,
1018 2349 1345 2433 succanae
1393 2349 1691 2451 semper
1732 2351 2174 2428 mechanice
2203 2353 2510 2429 immix-

600 2476 736 2536 tas,
846 2453 1032 2535 Haec
1098 2451 1268 2525 calx
1346 2453 1604 2527 viridis
1671 2453 1752 2531 in
1809 2451 2212 2551 majuscula
2265 2475 2508 2555 grana

604 2556 992 2655 reperitur-
1026 2574 1426 2643 concreta,
1481 2550 1700 2628 acido
1753 2554 2045 2633 vitrioli
2097 2553 2510 2637 albescit&

605 2657 689 2737 in
738 2654 1207 2729 subtiliorem
1256 2652 1686 2730 corroditur
1756 2656 2193 2754 pulverem,
2257 2677 2330 2731 at
2377 2680 2509 2753 pa-

604 2778 775 2839 rum
853 2754 983 2830 illo
1053 2752 1410 2847 solvitur,
1482 2757 1700 2831 etiam
1781 2755 2035 2831 addito
2107 2755 2508 2851 saccharo,

604 2873 750 2933 nec
800 2854 985 2929 ullus
1039 2878 1505 2955 provocatur
1579 2852 1850 2935 tinstus
1897 2856 2280 2943 rubineuS.

764 3026 1003 3101 Hisce
1066 3027 1161 3109 de
1226 3026 1446 3103 acido
1515 3026 1902 3103 vitriolico
1960 3027 2216 3133 paullo
2280 3027 2506 3106 fufius

611 3126 1051 3227 explicatis,
1100 3128 1196 3203 de
1244 3128 1552 3225 reliquis
1605 3128 1912 3205 brevius
1958 3152 2186 3230 agere
2226 3129 2507 3211 licebit.

770 3277 1145 3357 Rtouum
1195 3274 1422 3359 solvit
1461 3280 1736 3355 acidum
1762 3283 1947 3355 nitri
1981 3306 2150 3355 cum
2179 3280 2510 3380 quadarn

612 3374 1183 3455 effervescentia
1238 3402 1281 3457 e
1336 3382 1599 3480 genito
1661 3390 1827 3463 aere
1875 3381 2208 3473 nitroso,
2283 3382 2512 3459 restat

611 3498 869 3558 tamen
919 3476 1412 3579 spongiosum
1483 3503 1759 3581 corpus
1827 3484 2132 3581 nigrum
2189 3482 2270 3557 δε
2335 3480 2514 3557 fria·

612 3578 815 3672 bile,
914 3576 1478 3681 molybdaenam
1567 3607 1710 3678 qua
1779 3580 2118 3663 indolem
2174 3581 2516 3663 referens

612 3680 697 3768 in
746 3680 1103 3767 omnibus
1143 3684 1712 3793 experimentis,
1761 3706 1926 3789 quae
1978 3688 2312 3769 materiae
2332 3706 2514 3799 pef-

2367 3802 2516 3873 mse

2491 4697 2554 4700 --
2565 4691 2682 4700 .—.—.
