2760 4749
599 385 758 464 492
849 369 868 384 ·
987 353 1112 440 De
1161 352 1388 440 Tubo
1428 351 2142 465 firruminatoriO.

745 567 887 642 sm.
939 561 1473 664 microcosmic'us
1544 589 1708 644 eam
1784 571 1930 646 cito
2010 569 2243 645 solvit
2293 573 2505 672 copi-

590 691 753 758 am,
807 689 887 741 ut
958 666 1090 743 sub
1163 667 1743 770 refrigeratione
1810 670 1934 744 fiat
2000 694 2285 770 opacus
2326 731 2349 762 ‚
2406 697 2499 746 ex

589 767 844 842 albido
896 766 1349 859 flavescenS‚
1404 771 1609 864 quod
1664 773 1886 845 etiam
1935 773 2332 847 interdum
2394 797 2501 848 ac·

589 868 774 943 cidit
825 894 995 946 cum
1052 889 1368 968 argento
1419 869 1702 949 foliato.
1825 871 1899 944 Si
1980 895 2309 970 cuprum
2388 875 2494 946 in·

588 967 735 1058 est,
785 969 933 1044 hoc
982 970 1359 1043 viriditate
1418 973 1815 1070 proditur,
1878 971 1959 1046 ὃς
2032 996 2191 1046 non
2276 999 2495 1048 num·

587 1093 813 1167 quam
898 1067 1136 1143 tinctu
1221 1069 1597 1160 rubineo,
1668 1071 1799 1145 nifi
1868 1072 2217 1147 malimus
2278 1073 2492 1148 hunc

585 1193 815 1244 aureo
861 1171 1437 1266 inquinamento
1508 1167 1954 1248 adscribere.
2058 1171 2497 1248 Difficulter

582 1270 956 1370 perlucidi
1009 1269 1501 1368 adquiruntur
1540 1271 1852 1372 globuli,
1888 1271 2016 1348 nifi
2049 1274 2273 1348 valde
2308 1299 2493 1374 par-

583 1396 670 1445 ca
721 1370 1146 1459 additione,
1201 1391 1272 1444 at
1322 1373 1404 1444 in
1456 1368 1723 1446 Borace
1768 1374 2241 1450 diuturniore
2289 1400 2493 1476 opus

583 1469 687 1548 est
733 1469 1059 1561 fusione,
1116 1491 1194 1544 ut
1247 1473 1572 1570 opacitas
1626 1473 2079 1552 obtineatur.
2128 1513 2133 1520 ·

756 1623 1157 1698 GLoButus
1235 1645 1545 1726 argento
1627 1622 1871 1700 soluto
1948 1624 2252 1699 onustus
2354 1623 2487 1700 sub

496 1741 502 1746 ’
578 1723 863 1800 fusione
913 1725 992 1798 in
1043 1723 1451 1798 cochleari.
1490 1723 1824 1798 additum
1908 1729 2123 1825 cupri
2218 1725 2487 1801 frustu-

579 1826 732 1900 lum
809 1828 1235 1925 inargentat
1300 1823 1379 1898 δι
1435 1821 1590 1924 ipse
1663 1823 1961 1900 virescit
2025 1826 2483 1924 perlucidus.

574 1928 1110 2001 Antimonium
1155 1926 1601 2026 opacitatem
1648 1925 1958 2002 lacteam
2000 1951 2042 2002 e
2098 1929 2273 2001 luna
2306 1953 2481 2002 cor-

574 2051 718 2104 nea
768 2023 1008 2100 soluta
1069 2049 1250 2105 mox
1330 2025 1524 2099 tollit
1596 2031 2287 2125 aigentumque-in
2328 2027 2483 2124 ,di-

571 2124 853 2202 stinstis
901 2127 1152 2228 granis
1204 2124 1543 2227 sejungit.
1673 2125 2075 2202 Cobaltum
2152 2127 2233 2202 δι
2298 2130 2479 2202 reli-

535 2252 899 2326 ·quorum
931 2226 1405 2301 metallorum
1454 2227 1805 2325 pleraque
1846 2250 2243 2328 argentum
2282 2255 2476 2325 quo·

573 2353 719 2429 que
772 2329 1243 2428 praecipitant
1287 2327 1523 2401 modo
1576 2328 1901 2420 eodem,
1948 2353 2100 2426 quo
2152 2331 2274 2404 via
2336 2330 2471 2405 hu·

569 2428 774 2505 mida
823 2430 1215 2530 negotium
1281 2430 1681 2529 peragitur.
1803 2430 2103 2515 Scilicet
2183 2430 2473 2529 duplex

568 2533 740 2607 heic
780 2552 1132 2631 operatur
1169 2528 1546 2609 attractio:
1599 2528 2049 2605 solvendum
2105 2530 2469 2605 intactum

567 2651 825 2707 manet
855 2686 876 2722 ,
915 2630 1269 2728 quamdiu
1315 2626 1523 2702 suum
1568 2655 1797 2705 omne
1847 2632 2131 2713 retinet⁸
2176 2632 2468 2705 inflam-

567 2733 843 2809 mabile
875 2788 898 2823 ‚
935 2731 1061 2809 sed
1094 2729 1531 2830 suscipitur,
1581 2731 1760 2805 dum
1810 2732 2023 2829 hujus
2053 2729 2241 2831 justa
2269 2731 2465 2805 dofis

568 2837 647 2910 in
694 2834 1332 2935 praecipitandum
1384 2832 1660 2935 migrat
1708 2831 2039 2935 illudque
2088 2832 2405 2920 reducit.

1233 3012 1814 3109 Mineralt'satum.
1874 3012 1881 3019 ’

712 3168 975 3243 Actms
1031 3165 1194 3241 salis
1247 3165 1326 3242 &
1379 3166 1663 3241 viti-ioli
1712 3166 2299 3256 mineralisatum
2350 3192 2461 3243 ar·

479 3306 484 3309 ·
563 3288 877 3369 gentum
957 3267 1250 3351 Lunam
1329 3290 1687 3357 carneam
1763 3269 2179 3344 naturalem
2270 3296 2459 3369 prae-

559 3372 726 3457 bet,
780 3392 943 3464 quae
999 3368 1079 3438 in
1118 3362 1449 3441 carbone
1486 3367 1737 3465 plures
1782 3370 2115 3470 porrigit
2142 3373 2461 3470 exiguos

559 3469 910 3575 globulos
946 3465 1384 3540 metallicos.
1437 3466 1594 3539 Sale
1626 3469 2114 3565 microcosmico
2143 3469 2461 3543 solvitur

557 3569 952 3667 eidemque
996 3568 1446 3667 opacitatem
1496 3570 1991 3667 impertitz‘in
2027 3569 2307 3657 Borace·
2336 3594 2460 3645 re·

558 3674 889 3767 ducitur,
942 3666 1181 3745 saltim
1233 3691 1378 3767 qua
1424 3689 1739 3769 partem.
2070 3684 2085 3697 ·
2223 3687 2232 3695 ·

2298 3822 2457 3896 Aa.
