2760 4749
594 262 750 371 36⁸
948 252 1075 347 De
1122 180 1660 377 Praecipitetis
1703 252 2192 351 Metallicis.

582 468 793 547 bium
842 466 1006 548 fere
1042 466 1339 579 semper
1387 468 1784 576 impediat,
1841 472 2128 575 aliaque
2189 472 2490 579 expeti·

582 571 863 650 mentis
906 570 1251 685 stabilita,
1296 572 1544 682 probe
1580 572 1892 679 cognita
1941 574 2320 682 suppono.

734 740 1043 822 Nomm
1128 744 1358 845 igitur
1424 742 1700 821 aeidum
1765 744 1953 823 nitri
2027 760 2226 824 certa
2277 742 2490 848 phlo-

572 842 744 1021 fisti
816 844 961 943 dost
1032 838 1227 921 abire
1322 858 1530 949 queat
1603 848 1683 922 in
1767 844 2048 923 acidum
2151 854 2428 923 aereum
2449 842 2490 923 ἒ

622 944 1131 1022 nflammabile
1202 942 1310 1021 illi
1374 942 1876 1024 elasticitatem
1949 946 2032 1027 δι
2097 946 2490 1028 levitatem

580 1046 916 1149 impertit
938 1100 963 1139 ,
1008 1068 1309 1123 acorem
1363 1044 1743 1139 debilitat,
1773 1046 2306 1126 attrastionem
2335 1071 2492 1127 ter·

580 1170 835 1225 rarum
870 1144 1436 1225 absorbentium
1479 1147 1849 1243 intendit,
1889 1152 2282 1250 variasque
2323 1176 2487 1227 mu·

578 1268 683 1325 tat
742 1248 869 1325 vel
920 1269 1164 1325 novas
1214 1270 1572 1351 procreat
1623 1247 2029 1329 facultates.
2642 1293 2643 1359 i

734 1438 1040 1517 Not-me
1106 1440 1378 1539 majori
1448 1438 2000 1565 inflamfnabilis
2061 1440 2488 1539 quantitate

578 1541 883 1619 aciditas
984 1545 1095 1617 ita
1170 1541 1620 1643 compescatur
1661 1590 1688 1635 ‚
1757 1557 1839 1619 ut
1939 1541 2164 1629 nostra
2243 1538 2490 1615 eludat

576 1640 933 1720 crite-ria?
989 1642 1099 1718 Ut
1146 1662 1417 1742 aquam
1469 1640 1826 1745 respuat?
1909 1643 2020 1719 Ut
2143 1639 2488 1745 hlogisto

578 1766 721 1819 nec
773 1741 994 1823 facile
1031 1744 1339 1893 privari
1367 1798 1392 1836 ,
1440 1766 1582 1820 nec
1627 1743 1934 1845 ulterius
1977 1765 2070 1819 eo
2129 1764 2251 1816 em
2302 1764 2490 1818 one-

576 1847 730 1919 rari
778 1865 1002 1943 queat
1043 1900 1061 1919 .
1146 1844 1410 1921 Priore
1459 1845 1871 1945 pertinacia
1951 1841 2489 1943 respirationi,

574 1942 990 2039 posteriore
1043 1946 1209 2047 igni
1277 1944 1364 2021 fit
1439 1948 1736 2046 ineptus
1803 1944 1888 2021 &
1955 1944 2148 2019 illius
2226 1940 2485 2019 servat

572 2044 960 2221 ihndoiem,
1008 2046 1137 2147 qui
1194 2044 1761 2150 phlogisticatus
1810 2044 2271 2149 appellatur,
2336 2044 2488 2120 mi-

633 2170 658 2220 1
710 2166 1029 2223 vitiatus,

600 2389 605 2398 ·
719 2334 1023 2412 Nomia
1072 2330 1319 2414 adhuc
1362 2328 1717 2416 uberiore
1786 2330 2171 2440 phlogisto
2234 2334 2488 2438 perfe-

570 2434 671 2513 He
702 2441 1098 2537 mitigetur,
1135 2438 1293 2539 igni
1316 2429 1408 2514 ‘69'
1441 2439 1886 2540 respirationi
1919 2435 2274 2538 proficuus
2311 2459 2484 2512 eva·

568 2538 785 2614 dens?
824 2538 1025 2614 Dein
1079 2537 1172 2612 ab
1205 2561 1352 2615 una
1398 2538 2012 2639 parteulteriore
2055 2532 2486 2614 inflamma·

567 2635 742 2715 bilis
793 2638 1267 2716 incremento
1327 2643 1428 2716 ita
1475 2636 2096 2728 subtilisandum‚
2145 2659 2230 2715 ut
2308 2628 2490 2716 vasa

566 2741 833 2816 omnia
898 2760 1250 2841 penetret
1324 2739 1655 2818 calorem
1725 2762 2099 2844 generans
2176 2735 2265 2818 &
2334 2739 2490 2816 hae

565 2841 1034 2944 proprietate
1105 2841 1369 2943 ignem
1447 2842 1984 2941 flammamque
2076 2837 2490 2940 sustineat5

564 2943 659 3024 ab
710 2943 940 3019 altera
988 2961 1235 3018 autem
1286 2941 1775 3020 decremento
1835 2944 1962 3020 vel
2015 2942 2491 3041 determina·

565 3067 639 3124 ta
685 3040 1224 3132 calcinatione,
1274 3041 1476 3124 fiita
1518 3042 1728 3144 loqui
1774 3043 1983 3139 licet,
2037 3068 2122 3124 re
2269 3041 2496 3121 dien·

544 3149 667 3234 do
710 3168 863 3245 pro
911 3165 995 3220 re
1056 3163 1228 3218 nata
1260 3140 1600 3222 formans
1632 3141 1758 3222 vel
1785 3154 2040 3223 aerem
2076 3172 2130 3249 p
2189 3141 2492 3250 logisti-

561 3267 809 3326 catum
874 3242 1001 3326 vel
1053 3239 1353 3321 acidum
1408 3251 1734 3324 aereum.
1819 3248 2243 3327 Animalia
2303 3247 2491 3349 pul-

561 3343 920 3435 monibus
984 3337 1337 3420 instrusta
1390 3346 1471 3424 in
1505 3347 1687 3440 ‘hoc
1743 3356 1917 3427 aere
1974 3346 2492 3452 dephlogisti-

560 3449 810 3528 cando
870 3441 1121 3521 minus
1182 3443 1439 3524 valere
1487 3451 1882 3541 videntur,
1935 3476 2170 3551 quarn
2239 3452 2490 3552 spira·

559 3551 745 3629 culis
790 3542 1109 3651 praedita
1162 3545 1244 3624 &
1295 3549 1808 3654 vegetabilia,
1847 3553 2139 3631 etenim
2210 3553 2488 3655 priora

556 3652 641 3735 in
684 3666 943 3763 aerem
992 3647 1606 3758 phlogisticatum
1636 3714 1664 3757 ,
1749 3653 2178 3757 posteriora
2253 3651 2484 3768 illurn

2389 3776 2486 3830 m.
