2760 4749
578 339 736 427 ¹54
956 296 1077 399 De
1120 307 1333 399 calce
1370 310 1562 393 auri
1568 302 2092 419 fulminante

567 522 1021 602 fulminandi
1066 523 1342 599 virtute
1401 518 1717 623 gaudet,
1769 520 2116 621 quamvis
2169 518 2476 603 acidum

565 624 938 703 nitrosum
1002 622 1186 701 illud
1256 646 1664 728 numquam
1747 624 2084 723 tetigerit
2166 616 2282 720 h).
2392 624 2476 703 Si

566 730 731 827 quis
778 750 1063 815 aurum,
1114 748 1299 827 aqua
1346 725 1552 823 regis
1605 721 1970 813 solutum,
2017 723 2196 798 dein
2254 746 2476 805 men..

566 830 772 906 struo
815 823 1099 903 nitroso
1168 848 1578 923 numquam
1641 825 1765 899 via
1829 822 2137 901 humida
2217 823 2472 923 perfe-

561 928 679 1007 &e
734 927 1036 1005 liberari
1092 924 1299 1026 posse
1360 923 1808 1015 crediderit,
1863 924 2030 999 heic
2069 922 2310 1001 saltim
2357 925 2473 1001 fa·

560 1050 805 1107 teatur
858 1047 1205 1127 oportet,
1255 1023 1438 1103 illud
1478 1026 1776 1125 penitus
1829 1023 2067 1107 abesse
2101 1080 2124 1117 ,
2195 1025 2327 1100 ubi
2391 1050 2467 1101 a·

562 1130 819 1207 ciclum
850 1124 1060 1221 salia,
1121 1123 1505 1231 phlogisto
1550 1124 1985 1225 spoliatum,
2036 1123 2278 1204 solum
2322 1123 2466 1205 sol·

560 1254 746 1307 vere
792 1229 1011 1309 valet.
1118 1228 1365 1305 Fovet
1419 1250 1697 1329 nempe
1766 1227 1962 1319 hoc,
2037 1250 2177 1328 per
2253 1250 2466 1302 natu-

556 1354 767 1425 ram,
820 1328 1377 1411 inflammabilis
1453 1326 1815 1431 principii
1885 1326 2461 1411 determinatam

560 1430 827 1523 dofin,
903 1455 1125 1533 quam
1196 1432 1274 1505 vi
1347 1427 1688 1505 fortioris
1764 1428 2222 1505 attraffionis
2307 1452 2458 1505 ma-

558 1531 831 1643 gnefiae
895 1534 1133 1633 nigrae
1208 1530 1611 1631 porrigere
1688 1531 2038 1631 cogitur,
2117 1527 2240 1620 &2
2307 1529 2458 1611 hoe

556 1634 799 1725 faEAEo,
858 1632 943 1709 fit
994 1627 1444 1731 vaporosum
1485 1630 1822 1733 fulvum,
1871 1632 2130 1707 omnia
2183 1631 2461 1732 adgre-

556 1735 773 1813 diens
842 1731 1180 1825 metalla,
1236 1732 1375 1807 illis
1446 1733 1775 1830 eripiens
1846 1754 2011 1809 eam
2089 1730 2456 1837 phlocsisti

555 1836 1087 1935 quantitatem,
1137 1858 1301 1934 quae
1360 1831 1538 1907 alias
1590 1831 2034 1908 solutionem
2079 1800 2404 1937 impefiit
2432 1884 2460 1926 ,

554 1938 635 2013 &
674 1933 914 2033 ipsum
956 1932 1096 2006 hac
1144 1934 1224 2005 in
1261 1929 1658 2032 pristinum
1704 1930 2102 2009 restituitur
2149 1931 2456 2024 statum,

550 2035 756 2114 unde
806 2036 988 2109 inita
1039 2032 1422 2109 connubia
1477 2032 1821 2135 praebent
1890 2032 2074 2111 sales
2138 2034 2498 2111 metalli·'

550 2156 707 2229 cos,
762 2131 976 2211 acido
1032 2134 1427 2209 muriatico
1475 2137 1864 2242 completo
1917 2133 2344 2219 instruiios,

698 2287 817 2365 Ex
880 2285 1235 2363 omnibus
1301 2285 1836 2380 concludinuS,
1897 2287 2182 2363 nitrum
2235 2286 2445 2388 fiam-

543 2407 796 2478 mans‘,
848 2388 899 2467 fi
950 2387 1472 2490 Phaenomenis
1533 2385 1928 2478 sufficeret,
1980 2413 2136 2464 non
2187 2407 2450 2476 tamen

544 2491 1091 2572 fulminationis
1132 2512 1396 2574 veram
1443 2487 1588 2569 esse
1648 2487 1966 2574 causam,

1389 2687 1451 2791 §.
1507 2689 1636 2772 XI.

538 2843 809 2938 Alkali
886 2841 1209 2930 volatile
1286 2836 1829 2937 fulminationi
1883 2843 2437 2938 necessarium.

688 3007 806 3100 A)
861 3006 1033 3098 Ur,
1083 3003 1263 3104 quid
1320 3004 1543 3084 alkali
1583 3004 1901 3085 -volatile
1963 3009 2438 3102 contribuat,

530 3129 859 3210 pateret,
916 3108 1464 3205 praecipitatum
1517 3132 1676 3184 non
1729 3107 2138 3189 fulminans
2205 3112 2285 3187 in
2333 3111 2435 3185 al-

538 3207 689 3284 kali
748 3207 1035 3297 volatili
1091 3203 1412 3282 caustico
1463 3231 1603 3308 per
1658 3209 1938 3308 aliquot
1997 3211 2225 3290 horas
2291 3211 2432 3288 fuit

530 3305 899 3408 digestum
930 3359 951 3398 ,
1008 3303 1410 3406 posteaque
1465 3308 1885 3389 edulcatum
1922 3310 2002 3393 ὃς
2053 3310 2428 3396 siccatum.

530 3409 709 3488 Hoc
765 3428 1129 3484 tentatum
1175 3406 1510 3506 perfefie
1542 3408 2011 3490 fulminavit.

680 3540 772 3642 B)
820 3541 951 3615 NE
1014 3539 1158 3620 ulla
1237 3537 1644 3644 superesset
1708 3539 2030 3644 suspicio
2099 3539 2196 3624 de
2257 3540 2425 3660 reli·

2014 3707 2028 3742 ,
2225 3667 2422 3750 quus

611 3800 683 3880 h)
722 3796 801 3863 D.
843 3795 1091 3860 Scuaata
1135 3794 1194 3859 in
1238 3792 1397 3858 Aeci:
1444 3794 1682 3863 Stockh.
1729 3811 1918 3876 1774·
