2760 4749
786 248 803 264 Ι
913 282 1040 374 De
1086 248 1446 378 Niccol0.
1583 269 1588 276 ⁹
1842 233 1851 246 ἡ
2050 302 2208 405 265

457 497 739 578 OMNES
790 497 908 576 hae
966 493 1351 580 mistiones
1399 504 1566 608 igni
1644 501 2003 608 expofitae
2072 506 2215 582 cal·

294 621 471 677 cem
540 603 1059 700 reliquerunt,
1114 629 1273 680 non
1331 606 1660 681 viridem
1694 664 1715 700 ‚
1763 606 1990 684 instar
2055 610 2216 684 nic·

300 692 617 793 colifiae,
689 701 819 778 sed
857 700 1165 796 fuscam,
1194 707 1496 812 nigijam
1525 711 1648 786 vel
1674 710 2211 812 ferrugineam.

460 853 533 952 Ι)
586 852 832 930 Cumu
892 883 969 949 1,
1021 859 1204 953 ferri
1259 877 1299 948 8
1331 916 1353 955 ,
1410 862 1707 956 arlbnici
1739 856 1886 937 albi
1934 868 2076 952 16,
2133 859 2254 936 δι’

294 951 644 1054 sulphuris
688 982 741 1052 4
790 980 1039 1056 partes
1089 964 1269 1062 igne
1320 965 1587 1056 unitae‚
1642 963 1903 1041 addito
1972 961 2214 1038 fluore

298 1058 582 1158 nigre,
636 1059 943 1134 massam
1000 1061 1412 1160 dederunt,
1467 1092 1632 1165 quae
1690 1065 1953 1167 saepius
2001 1063 2210 1137 calci·

296 1156 603 1238 nata&
645 1157 950 1238 redueca
1000 1189 1160 1239 non
1212 1167 1344 1244 nifi
1394 1166 1916 1271 ferrugineam
1944 1165 2068 1241 vel
2105 1159 2214 1240 fu·

298 1255 507 1336 scam
559 1260 884 1358 praebuit
940 1266 1261 1359 calcem,
1332 1268 1549 1344 acido
1609 1272 1789 1344 nitri
1842 1265 2219 1348 virescen-

298 1360 485 1434 tiam
542 1363 1021 1458 conciliavit,
1078 1365 1211 1442 sed
1264 1368 1486 1444 alkali
1527 1367 2055 1472 phlogisticato
2083 1391 2218 1443 cae-

298 1459 603 1540 ruleum
657 1462 949 1544 demifit
1006 1466 1511 1556 Berolinense.

459 1633 566 1737 Is)
620 1639 779 1714 V1A
850 1634 1131 1712 humida
1207 1639 1530 1738 plurima
1601 1640 1828 1716 etiam
1902 1635 2217 1715 institui-

299 1761 491 1918 }nu}
526 1741 1087 1914 {genet-imcutit,
1146 1763 1474 1840 quorum
1520 1741 1830 1816 unicum
1865 1738 2214 1817 adduxis-

344 1861 389 1916 e
476 1864 523 1916 u
606 1861 775 1916 ciat.

461 1992 663 2070 PARS
729 2022 762 2071 1
822 1989 1005 2071 ferri
1055 1991 1481 2072 solvebatur
1541 2003 1588 2073 6
1640 1993 1837 2070 acidi
1887 1992 2215 2086 nitri,fi-

301 2093 735 2196 militerque
804 2094 1109 2173 seorfim
1192 2098 1411 2196 cupri
1485 2123 1516 2171 1
1581 2096 1660 2173 &
1720 2099 2032 2173 minerae
2083 2121 2218 2171 co-

304 2195 490 2271 balti
538 2199 913 2273 calcinatae
965 2225 992 2274 ι
1025 2251 1045 2289 ‚
1088 2197 1352 2273 eadem
1387 2197 1720 2294 ejusdem
1763 2196 1957 2276 acidi
1985 2223 2217 2299 quan-

302 2297 539 2377 titate.
646 2297 850 2376 Dein
906 2296 1357 2377 solutionem
1414 2298 1598 2376 ferri
1654 2309 1886 2376 totam
1948 2299 2222 2374 miice-

304 2398 575 2477 bamus
608 2401 967 2502 partibus
1012 2418 1054 2499 ς
1106 2398 1498 2479 solutionis
1531 2402 1784 2503 cupri,
1832 2400 2036 2477 unde
2091 2424 2218 2476 co-

304 2500 432 2583 lor
500 2502 781 2577 niceoli
857 2502 1127 2578 viridis
1205 2502 1287 2577 &
1355 2501 1712 2578 saturatus
1795 2502 2221 2591 oriebatur,

306 2606 442 2699 qui
494 2626 687 2679 vero
748 2604 987 2679 tribus
1048 2602 1456 2681 ‘cobaitinae
1529 2600 1926 2703 evidenter
2003 2598 2220 2678 obfu-

305 2703 553 2784 scatus
606 2704 767 2781 fuit.
874 2706 1079 2781 Huic
1133 2704 1542 2780 alkalinum
1589 2704 1937 2778 lixivium
1999 2700 2224 2778 instil·
2281 2700 2286 2709 ’

304 2806 649 2899 labatur,
700 2833 855 2905 quo
900 2808 1233 2906 primum
1286 2802 1782 2880 sedimentum
1820 2803 2023 2882 fusco
2071 2802 2221 2881 fer-

308 2911 717 3011 rugineum
779 2906 1233 2997 subsidebat,
1299 2906 1676 2983 solutione
1728 2906 1974 2981 adhuc
2035 2907 2258 2982 viri-·

308 3004 395 3085 di
450 3006 815 3105 restante,
898 3010 1077 3085 dein
1150 3029 1347 3085 vero
1413 3008 1810 3084 caeruleum
1883 3030 2224 3108 praeceps

308 3108 737 3201 ferebatur,
804 3135 959 3211 quo
1038 3112 1289 3185 omnis
1360 3110 1583 3186 initio
1668 3110 1893 3209 periit
1968 3111 2224 3197 color,

309 3209 449 3290 sed
504 3209 763 3315 postea
821 3210 1029 3291 rufus
1109 3212 1456 3303 cobalto,
1509 3210 1837 3286 alkalino
1899 3207 2045 3287 sale
2110 3208 2226 3285 so·

308 3311 524 3405 lum,
573 3312 886 3413 prodiit.
996 3312 1518 3390 Sedimentum
1573 3310 1966 3388 reduaum
2039 3337 2222 3411 prae·

312 3413 499 3500 stitit
556 3414 907 3519 regulum
974 3420 1229 3514 'cupro
1314 3414 1632 3491 fimilem
1689 3414 1768 3491 δι
1819 3412 2230 3508 duffilem,

314 3516 446 3619 qui
504 3513 587 3592 δι
626 3519 899 3593 vitrum
932 3571 955 3613 ‚
1002 3514 1084 3591 &
1126 3514 1426 3593 acidum
1457 3517 1674 3611 nitri,
1734 3539 2030 3619 cyaneo
2074 3514 2228 3593 tin·

318 3618 553 3738 gebat
605 3616 884 3704 colore.

1231 3784 1394 3889 Rs
2150 3777 2230 3857 St
