2760 4749
612 359 765 443 170
1296 321 1420 409 De·
1479 285 1834 411 Planina.-

594 539 992 639 pulverem
1046 537 1658 641 praecipitabant,
1711 537 1836 614 sed
1886 539 2151 620 lentius
2201 543 2284 620 δε
2337 571 2504 622 ma-

534 715 541 722 ,
598 644 714 743 gis
754 639 1314 743 crystallinum,
1365 660 1437 714 at
1493 639 1710 715 alkali
1769 643 2175 734 minerale,
2229 671 2501 742 quam-

595 745 711 820 vis
767 741 1109 845 pondere
1170 739 1731 844 quinquagefies
1783 743 2210 843 vegetabile
2279 746 2496 847 supe-

593 853 841 936 raret,
936 844 1141 918 nullo
1246 839 1483 917 modo
1579 839 2030 919 solutionem
2101 845 2496 934 turbabat,

594 970 827 1063 quum
884 969 1043 1020 non
1096 944 1276 1019 dum
1338 940 1636 1052 acidum
1685 942 2072 1020 abundans
2149 945 2334 1024 effet
2395 947 2496 1024 sa·

509 1047 517 1060 “
594 1068 881 1122 natum.

751 1198 1023 1275 Puzv1s
1051 1198 1129 1270 in
1174 1191 1415 1270 fundo
1468 1194 1820 1274 colleE'cus
1868 1221 2054 1296 aqua
2102 1219 2304 1276 totus
2355 1199 2496 1276 sol·

586 1301 679 1373 vi·
704 1320 1012 1399 poterat
1064 1297 1145 1373 δι’
1203 1320 1348 1394 qua
1399 1295 1736 1373 indolem
1794 1298 2232 1397 crystallino
2315 1327 2494 1377 con-

590 1401 910 1578 igtgiefliat
955 1399 1113 1575 ,Sin
1191 1419 1584 1474 momento
1671 1397 1738 1475 B
1816 1396 2090 1518 sponte
2177 1405 2488 1506 genite,

622 1527 661 1579 e
832 1524 973 1576 avu
1013 1557 1031 1576 .

690 1655 797 1752 F)
875 1653 1182 1728 EASDEM
1266 1652 1542 1726 iterum
1615 1649 1925 1728 adhibui
1997 1654 2486 1752 quantitates-2,

589 1755 717 1832 sed
766 1779 912 1854 pro
959 1752 1176 1828 acido
1230 1749 1520 1827 nitroso
1573 1750 1653 1827 &
1713 1755 1952 1828 muria
1996 1757 2484 1837 ‚muriaticurn

587 1857 669 1932 &
728 1859 1000 1930 nitrum
1050 1855 1339 1951 optimc
1392 1852 1840 1951 depuratum
1893 1851 2240 1930 substitui.
2315 1858 2482 1932 Pla·

586 1955 747 2030 tina
798 1954 964 2028 heic
1009 1951 1462 2055 solutionem
1516 1955 1834 2052 praebuit
1907 1954 2108 2044 aurei
2158 1956 2477 2052 coloris,

584 2075 1095 2155 praerereaque
1162 2051 1553 2153 pulverem
1579 2053 1690 2147 „in
1757 2052 2044 2144 fun'do,
2097 2053 2480 2134 virescen-

580 2179 761 2244 tem,
804 2155 884 2229 &
916 2179 1059 2254 qua
1088 2175 1441 2252 magnam
1476 2147 1766 2252 paffem
1807 2155 2238 2259 granoium,
2268 2159 2480 2259 cujus

584 2256 924 2334 subtilior
970 2254 1438 2355 portiuncula
1485 2255 1796 2338 natabat.

682 2412 1011 2487 Somno
1067 2407 1263 2485 clara
1316 2401 1465 2511 ope'
1525 2405 1744 2485 alkali
1791 2406 2229 2513 vegetabilis
2287 2410 2476 2487 nihil

528 2528 533 2541 “
579 2508 873 2589 demifit
936 2512 1187 2611 prius,
1232 2536 1455 2608 quam
1526 2533 1756 2585 omne
1819 2507 2276 2609 superfluum
2331 2514 2474 2587 aei·

578 2614 760 2689 dum
808 2613 949 2688 fuit
1002 2610 1448 2704 saturatum,
1495 2633 1654 2686 tum
1709 2634 1899 2686 vero
1949 2612 2228 2689 calcem
2282 2640 2474 2714 prae-

577 2714 740 2788 buit
792 2712 1237 2789 metallicam
1254 2713 1286 2805 ‚'
1328 2736 1524 2811 aqua¹
1565 2708 2059 2811 insolubilem.

725 2864 1000 2940 Puwls
1074 2864 1450 2942 virescens
1524 2861 1926 2940 sufficiente
2004 2887 2189 2962 aqua
2270 2862 2473 2943 solvi

572 2984 871 3063 poterat
913 2986 1107 3041 totus
1178 2986 1522 3064 quarum,
1580 2964 1659 3041 ὃς
1711 2990 1854 3062 qua
1902 2965 2241 3040 mdolem
2290 2990 2474 3067 cry·

573 3066 863 3141 stalli—no
916 3068 1384 3169 congruebat
1436 3068 1512 3139 in
1563 3069 1972 3141 momentis
2023 3064 2472 3170 C&Dope

571 3167 1282 3269 alkalivegetabilis
1335 3188 1778 3265 provocate.

668 3305 763 3403 G)
816 3307 1289 3395 PLAT1na,ex
1332 3296 1519 3404 aqtia
1555 3308 1758 3409 regis
1813 3303 2217 3379 sufficiente
2259 3304 2466 3381 alka-

568 3407 620 3482 li
682 3406 1027 3483 minei-ali
1086 3405 1514 3499 deturba-ta,
1565 3408 1808 3507 probe
1885 3405 2036 3480 lota
2091 3406 2172 3482 &
2237 3406 2467 3482 acido

476 3560 491 3570 -
568 3508 732 3585 salis
782 3505 1058 3596 soluta,
1112 3507 1331 3582 alkali
1393 3508 1654 3583 addito
1708 3508 2137 3610 vegetabili,
2192 3507 2462 3607 pulve-

564 3632 727 3685 rem
799 3604 1302 3709 crystallinum
1372 3632 1557 3693 mox
1633 3612 1901 3701 mittit,
1957 3608 2165 3707 quod
2225 3609 2458 3685 etiam

564 3708 835 3788 accidit
886 3732 1058 3784 cum
1111 3716 1355 3805 nitro,
1417 3710 1722 3809 aliisque
1771 3708 2048 3787 salibus‘
2109 3709 2465 3883 neutgali-

1084 3838 1093 3847 ·
2330 3832 2454 3906 us,
