2760 4749
665 358 823 443 390
867 450 874 461 ·
991 327 1118 413 De
1176 324 1705 439 Praecipitatis
1766 324 2237 415 Metallict's.

655 541 792 619 cile
846 564 988 640 qua
1045 560 1334 640 partem
1375 540 1799 631 solvuntur,
1846 536 1975 615 sed
2022 540 2101 613 in
2136 541 2369 615 zinco
2406 538 2544 615 im·

653 638 874 718 misso
907 666 1062 717 non
1106 641 1238 727 nist
1277 640 1733 742 magnefium
1786 640 2104 731 decidit,
2159 641 2381 716 initio
2438 661 2548 715 ta·

650 766 829 818 men
887 742 1210 841 paullum
1261 742 1708 840 xrufescens:
1772 740 1995 817 alkali
2054 740 2543 843 phlogistica·

651 861 737 918 to
781 842 1082 919 flavens
1161 842 1444 919 decidit
1518 840 1742 917 instar
1808 841 2161 945 magnesii
2206 844 2429 943 puri,
2488 840 2541 920 fi

648 942 924 1019 solutio
970 963 1174 1019 aetate
1213 945 1436 1020 nimis
1490 941 2192 1043 dephlogisticatum
2240 945 2542 1020 martia·

647 1042 1164 1145 lebdeposuit,
1213 1068 1476 1121 recens
1538 1068 1727 1119 vero
1788 1038 2277 1119 sedimentutn
2341 1068 2541 1143 prae·

647 1142 774 1218 bet
807 1142 915 1219 illi
951 1144 1112 1219 fere
1140 1143 1408 1236 fimile,
1445 1146 1653 1245 quod
1685 1170 1726 1220 e
1770 1144 2064 1247 vulgari
2100 1144 2368 1246 regulo
2406 1144 2541 1219 ob·

643 1244 941 1324 tinetur.
985 1244 1496 1322 Sedimentum
1528 1246 1811 1324 flavens
1834 1270 2018 1347 aqua
2050 1243 2243 1321 solvi
2264 1246 2538 1347 potest.

627 1487 634 1491 ,
713 1455 722 1467 .
792 1396 1100 1473 MAGNA
1155 1395 1431 1497 ubique
1480 1400 1558 1473 in
1591 1395 2103 1477 describendis
2141 1396 2535 1473 coloribus

642 1494 842 1573 adest
893 1494 1605 1598 difficultas,.quum
1669 1498 1970 1600 singulae
2028 1500 2537 1589 variationeS‚

639 1622 807 1697 quae
855 1597 1078 1673 etiam
1135 1622 1451 1699 numero
1507 1600 1665 1677 fere
1727 1598 2039 1677 infinitae
2096 1596 2301 1687 sunt,
2350 1624 2538 1699 pro-

636 1699 838 1797 priis-
871 1696 1359 1775 destituantur
1416 1700 1867 1775 nominibus,
1972 1698 2299 1775 Colores
2368 1702 2537 1799 qui-

639 1796 820 1875 dem
878 1799 1408 1875 mutationibus
1456 1799 1617 1875 sunt
1666 1799 2023 1900 expositi,
2077 1798 2201 1876 sed
2244 1823 2341 1875 ne
2372 1803 2533 1899 qui-

635 1897 816 1975 dem
873 1902 1185 1975 minima
1229 1900 1378 1976 fine
1430 1902 1923 1978 determinata
1981 1900 2193 1977 causa
2238 1926 2533 2001 provo·

635 2020 881 2086 catur,
935 1998 1251 2102 ideoque
1310 2000 1619 2078 sollicite
1672 2000 2129 2077 observandi
2180 2001 2381 2077 mihi
2422 2004 2529 2077 vi·

633 2097 954 2191 dentur,
1035 2126 1208 2176 nam
1291 2100 1587 2205 semper
1653 2104 2057 2201 quidquam
2128 2103 2219 2177 iis
2306 2102 2529 2179 disci·

631 2224 835 2281 mus,
897 2202 1134 2275 modo
1195 2205 1497 2295 omnia,
1560 2229 1707 2306 qua
1776 2204 1995 2281 decet
2062 2206 2527 2303 attentione,

635 2299 1226 2381 confidet-entur.

1440 2465 1503 2606 §.
1569 2506 1707 2582 vt.

625 2657 1519 2773 Praepritatorum
1569 2657 2309 2750 metallicorurn
2383 2691 2525 2750 na-

1053 2772 1412 2858 tura&
1470 2771 2073 2888 compositio

775 2944 1294 3025 PRAEcmTArA
1350 2951 1715 3036 metallica
1772 2952 2081 3052 propius
2138 2953 2523 3029 examina·

618 3059 693 3118 ta
751 3045 968 3120 nobis
1031 3051 1238 3126 varia
1278 3051 1621 3128 revelant
1668 3050 2044 3153 mysteria.
2222 3054 2227 3058 ’

741 3195 871 3291 A)
927 3197 1106 3298 QUA
1153 3203 1417 3293 pondus
1486 3201 1747 3278 eadem
1813 3203 2149 3304 primum
2219 3228 2519 3305 cogno-

612 3287 919 3375 scamus.
1025 3299 1413 3376 Hastenus
1460 3307 1591 3377 vix
1673 3300 1804 3376 nisi
1873 3302 2092 3380 alkali
2163 3304 2517 3382 minerali

613 3403 902 3481 aerato,
959 3396 1272 3472 caustico
1323 3401 1405 3477 ὃς
1473 3401 2001 3506 phlogisticato
2050 3426 2308 3502 parata
2382 3429 2519 3480 ex·

608 3494 1119 3594 ploravimuS‚
1197 3500 1276 3574 &
1353 3503 1624 3578 horum
1712 3507 1931 3579 etiarn
2004 3507 2515 3582 tentaminurn

537 3643 542 3646 -
609 3592 1174 3691 consequentias
1209 3605 1605 3678 nonnullas
1655 3602 2053 3680 excludere
2108 3609 2513 3708 cogimur,

607 3697 888 3804 quippe
925 3721 1086 3800 quoe
1119 3701 1332 3783 valde
1363 3703 1529 3782 sunt
1565 3729 1777 3812 vagae
1808 3706 1889 3784 &
1926 3706 2301 3786 nondum
2337 3705 2515 3882 [ἔτίε

2428 3829 2507 3886 e.
