2760 4749
573 318 742 425 406
793 306 922 397 De
951 310 1467 395 minervum
1498 300 1963 413 Docimaelia
1990 303 2367 397 humida.

573 522 844 601 crebra
887 520 1162 621 ubique
1209 542 1404 621 opus
1450 516 1535 595 fit
1572 519 2051 617 repetitione.
2154 522 2497 623 Semper

573 646 767 724 aqua
833 620 1284 699 adhibeatur
1367 616 1769 705 destillata.
1832 620 1917 698 &
1988 644 2501 721 quaecumque

575 726 1072 801 nominantur
1131 716 1505 797 menstrua
1532 774 1555 811 ,
1600 719 1867 798 eadem
1918 720 2499 827 heterogeneiS,

575 846 942 925 quantum
997 820 1166 899 fieri
1209 818 1449 922 potest
1484 821 1860 922 ,·optime
1922 820 2291 939 depurata
2368 826 2503 900 in·

573 924 1034 1029 telligantur.
1137 922 1479 999 Dilutum
1529 945 1890 1000 vocamus
1938 924 2237 1000 acidum
2270 924 2501 1002 vitri·

577 1028 854 1103 olicum
882 1078 904 1116 ,
965 1020 1170 1125 quod
1233 1025 1604 1123 gravitate
1654 1018 2005 1123 specifica
2062 1024 2341 1132 gaudet
2372 1028 2503 1101 in·-

575 1125 694 1205 fra
761 1148 984 1223 1,300
1034 1124 1374 1213 circiter,
1430 1120 1801 1202 nitrosum
1854 1122 2057 1203 infra
2130 1151 2357 1221 προσ
2412 1126 2505 1205 δε

575 1227 1057 1305 muriaticam
1105 1226 1303 1299 infra
1349 1246 1596 1316 1,1oo.

735 1408 1439 1487 Pucmruroms
1495 1429 1705 1484 caute
1754 1404 2225 1487 instituantur
2272 1408 2359 1483 in
2392 1408 2503 1485 la-

685 1511 800 1587 nis
851 1512 1156 1601 vitreiS,
1206 1506 1399 1585 adeo
1450 1530 1533 1584 ut
1600 1530 1741 1584 nec
1798 1510 1977 1609 quid
2035 1534 2211 1586 uam
2272 1508 2511 1587 defe-

659 1637 705 1689 u
757 1612 1304 1712 praecipitantis
1359 1610 1443 1685 in
1484 1608 1866 1687 menstruo
1910 1632 1993 1687 re
2058 1630 2177 1701 et,
2222 1634 2371 1686 nec
2430 1636 2507 1687 e·

579 1712 876 1816 jusdem
941 1710 1396 1788 abundantia
1477 1710 1749 1787 iterum
1834 1706 2183 1788 solvatur.
2287 1710 2509 1787 Sedi-

577 1834 850 1892 mento
902 1812 994 1887 ad
1033 1809 1354 1887 fundum
1412 1808 1751 1913 depofito
1794 1810 2161 1909 liquidum
2198 1811 2503 1893 clarum

579 1912 1119 2007 decanthetur,
1161 1912 1320 2009 ejus
1348 1910 1520 1989 loco
1563 1937 1750 2011 aqua
1794 1910 2273 2003 adfundatur,
2316 1939 2501 2013 pru-

581 2018 855 2091 denter
907 2008 1276 2109 quass‘etur
1334 2011 1416 2088 &
1464 2004 1645 2089 dein
1686 2015 1765 2087 in
1814 2014 2068 2113 quiete
2118 2014 2504 2113 relinqua-

581 2137 728 2191 tur.
831 2108 1300 2189 Subfidentia
1373 2111 1567 2189 faRa
1648 2114 1921 2191 iterum
1994 2114 2509 2193 decanthetur

589 2216 672 2293 δι
723 2238 913 2315 aqua
965 2210 1415 2289 adfundatur
1443 2268 1466 2307 ,
1516 2213 1725 2313 quod
1788 2238 1883 2289 eo
1948 2238 2183 2315 usque
2258 2218 2507 2293 conti·

589 2336 862 2396 nuetur
905 2334 1256 2417 oportet,
1299 2314 1549 2394 donec
1580 2338 1765 2414 aqua
1814 2314 2019 2392 nullo
2063 2315 2303 2393 modo
2341 2340 2507 2398 rea·

591 2421 852 2526 gentia
888 2469 912 2510 ,
969 2416 1234 2516 quibus
1283 2417 1667 2518 explorari
1712 2415 1983 2512 debet,
2033 2439 2292 2506 mutat.

745 2602 928 2682 Hoc
982 2598 1230 2690 fasto,
1279 2601 1354 2674 in
1384 2597 1591 2696 filtro
1637 2599 2103 2702 ponderato,
2142 2626 2187 2682 e
2238 2603 2509 2684 charta

595 2703 760 2780 alba
815 2727 972 2782 non
1033 2702 1456 2792 aluminata,
1514 2702 1899 2806 colligitur
1952 2701 2507 2798 sedimentum,

593 2806 818 2880 initio
871 2803 1026 2880 leni
1077 2801 1328 2896 calore
1407 2799 1975 2894 exsiccandum,
2050 2805 2231 2882 dein
2310 2829 2509 2884 vero

595 2907 676 2979 in
727 2901 900 2980 vase
953 2901 1202 2980 clauso
1247 2905 1495 2979 vitreo
1548 2901 1659 2984 illi
1717 2905 2269 3004 exponendum·
2332 2929 2507 3006 gra·

595 3003 727 3078 dui
778 3029 918 3107 per
969 3027 1003 3096 ς
1068 3005 1405 3098 minuta,
1459 3029 1613 3104 quo
1663 3003 1929 3086 ebullit
1978 3029 2190 3109 aqua.
2292 3009 2509 3084 Tan·

597 3102 776 3198 dem
839 3102 1021 3180 refri
1083 3127 1372 3180 eratum
1455 3107 1928 3205 ponderetur
1984 3131 2159 3189 eum
2247 3107 2509 3202 filtro,

597 3199 804 3300 cujus
912 3227 1014 3278 on
1073 3227 1158 3279 us
1202 3226 1419 3281 antea
1486 3228 1751 3286 notum
1812 3203 2069 3308 postea
2137 3204 2509 3290 subtrahi·

596 3324 742 3378 tur.
909 3301 1146 3380 raestat
1192 3302 1693 3384 sedit'nentum
1747 3307 1995 3388 eluere
2051 3309 2133 3388 in
2188 3309 2511 3426 lagena,

599 3428 778 3478 nam
855 3401 1139 3478 filtrum
1221 3399 1592 3482 solutione
1676 3405 1906 3486 saliua
1976 3405 2205 3490 semel
2261 3410 2509 3488 lmbu·

599 3527 805 3595 tum,
859 3504 1033 3578 dein
1089 3501 1351 3579 eadem'
1405 3503 1844 3588 difficillime
1906 3489 2266 3586 liberadr
2330 3533 2511 3611 per·

600 3602 794 3682 fecie
822 3659 843 3698 ,
912 3603 1332 3704 praesertim
1402 3607 1457 3685 fi
1526 3611 1811 3712 aliquot
1869 3609 2230 3689 horarum
2279 3613 2511 3688 inter·

605 3705 808 3790 cedit
866 3729 1102 3782 mora.

1168 3836 1178 3844 ·
2352 3811 2514 3892 Unt
