2760 4749
941 335 1066 440 De
1128 336 1474 438 Nicevlv,
1559 335 1566 340 ’
1885 295 1894 304 .
2005 323 2161 450 233

275 575 421 654 pus
472 547 619 628 esse
674 552 1216 652 experimentis
1264 549 1642 644 vidimuS,
1709 550 1870 634 haec
1920 551 2174 649 itaque

278 656 540 736 animo
591 655 803 729 omni
915 655 1182 738 artium
1251 651 1496 728 studio
1566 651 1884 736 liberato
1965 650 2170 727 insti-

276 756 603 848 tuimuS,
659 754 785 843 ὃς,
835 679 909 830 {f
943 754 1083 829 hac
1137 755 1302 830 vice
1373 748 1672 836 defeciu
1740 755 1888 828 rari
1952 752 2171 850 hujus

276 855 663 944 minei-alis
718 852 1096 938 subfistere
1128 853 1404 933 fuimus
1452 853 1724 941 coniti,
1771 873 2172 951 antequam

278 957 472 1047 illis,
524 959 652 1053 qui
704 955 1045 1034 dubitare
1106 955 1502 1047 adamant,
1554 956 1812 1030 omnia
1877 955 2173 1053 eripere

273 1056 572 1132 licuerit
628 1080 875 1144 arma,
931 1060 1343 1144 veritatem·
1370 1078 1624 1140 tamen
1661 1080 1754 1131 eo
1782 1077 2014 1154 usque
2045 1051 2173 1131 de-

279 1157 637 1232 nudatam
686 1156 1163 1247 confidimus,
1192 1179 1271 1232 ut
1302 1183 1502 1232 nova
1539 1176 1973 1258 comparata
2010 1179 2174 1230 ma-

274 1258 482 1348 ‚teriae
538 1261 793 1358 copia,
856 1259 1051 1347 haud
1120 1257 1519 1346 difficulter
1578 1259 1828 1372 pleno,
1876 1256 2172 1342 elucere

274 1379 501 1472 queat
548 1361 841 1463 vigore..
1409 1373 1435 1410 f

743 1529 1719 1782 Eliquaiionkeguli,

440 1816 572 1894 Ur
634 1840 709 1892 re
760 1815 915 1895 ulus
950 1809 1427 1917 'adquiratur
1500 1812 1808 1905 Niccoli‚
1885 1810 2178 1894 minem

336 1917 613 2006 timum
666 1839 1127 2018 {ffbjicienda
1189 1919 1291 1996 est
1343 1917 1817 2010 ustulationi,
1898 1913 1976 1988 in
2029 1933 2177 2014 qua

276 1943 655 2117 sulphuris
690 2018 771 2093 ὃ(
800 2017 1115 2106 at·senici
1151 2019 1449 2102 diversa
1493 2019 1712 2120 copia
1739 2073 1760 2108 ‚
1801 2038 1942 2116 pro
1970 2014 2176 2095 varia

279 2119 662 2208 mineralis
698 2118 999 2211 indole,
1034 2122 1509 2223 propellitur,
1563 2127 1666 2195 ita
1691 2138 1771 2202 ut
1813 2113 2176 2214 ponderis

280 2217 681 2306 dimidium
708 2219 834 2312 ,ὃς
872 2221 1079 2320 quod
1118 2225 1488 2310 excurrit,
1530 2219 1906 2295 interdum
1963 2215 2176 2326 amit-

280 2341 431 2413 tat‚
460 2319 652 2422 saepe
681 2345 872 2411 vero
904 2347 1059 2399 non
1100 2325 1289 2403 ultra
1313 2332 1485 2421 535‘2-0.
1544 2315 2006 2416 Huiusmodi
2039 2337 2177 2399 rm·

280 2446 465 2501 nera
502 2421 630 2499 diu
685 2426 1121 2525 optimeque
1170 2426 1553 2516 calcinata,
1616 2446 1771 2495 non
1820 2415 2176 2492 eumdem

280 2522 583 2624 semper
640 2525 1092 2601 nanciscitur
1148 2526 1486 2606 colorem
1513 2582 1532 2613 ,
1563 2520 1690 2597 sed
1726 2544 1823 2595 eo
1853 2514 2178 2591 viridior

280 2625 733 2725 plerumque
802 2628 1094 2718 evadit,
1165 2651 1317 2725 quo
1409 2626 1638 2701 ditior
1656 2649 1680 2717 3
1748 2614 2179 2707 interdum,

282 2724 367 2801 &
420 2728 868 2827 imprimis,
922 2724 977 2801 fi
1022 2732 1100 2802 in
1148 2729 1398 2827 quiete
1461 2725 1972 2820 relinquatur,
2043 2739 2177 2791 ve-

282 2827 795 2930 getationibus
841 2828 1389 2904 virescentibus
1417 2880 1438 2917 ‚
1487 2817 2126 2901 coralliformibus
2154 2872 2180 2909 ,

280 2930 495 3004 duris
548 2928 629 3005 ὅ(
684 2927 1103 3030 pulsatione
1162 2928 1636 3018 sonantibus,
1691 2922 2010 3025 superne
2042 2918 2181 2993 ob-.

283 3051 590 3131 tegitur.

436 3182 772 3271 Putvniu
824 3180 1139 3267 ustulato
1197 3178 1510 3284 duplum
1563 3178 1687 3254 vel
1727 3177 2032 3277 triplum
2062 3172 2186 3263 ad·

285 3282 499 3373 datur
567 3282 811 3374 fluxus
879 3286 1081 3383 nigri
1150 3280 1229 3369 ὃς
1304 3282 1606 3359 miscela
1664 3282 1741 3354 in
1805 3275 2184 3355 crucibulo

286 3404 606 3485 aperto,
658 3382 805 3471 sale
858 3386 1249 3468 communi
1301 3384 1532 3475 reela,
1583 3404 1800 3467 more
1871 3376 2186 3465 consve-

283 3505 370 3573 to
403 3540 427 3577 ,
475 3486 554 3562 in
610 3482 791 3561 foco
842 3483 1123 3572 fabrili,
1172 3488 1352 3587 igne
1403 3485 1604 3560 follis
1676 3483 2032 3583 duplicati
2101 3501 2184 3565 Q·

282 3609 384 3689 pe
440 3589 776 3675 animato
812 3644 835 3681 ,
887 3586 1133 3687 probe
1196 3588 1576 3677 fundatur.

442 3740 807 3817 VAscuro
860 3738 1038 3815 dein
1086 3736 1375 3917 Ειέἃο,
1426 3740 1504 3814 in
1557 3732 1797 3823 fundo
1853 3730 1984 3807 sub
2035 3726 2188 3907 Ἐξ

1244 3864 1284 3940 5
2073 3906 2080 3915 .
