2760 4749
649 338 814 438 428
866 318 990 410 De
1030 318 1543 409 mim-rarum
1572 314 2026 427 Docimalae'a
2052 316 2427 415 humida

644 534 842 615 deco
897 558 1111 613 untur
1148 535 1427 613 leniter
1481 530 1575 611 ad
1621 529 1920 611 siccum.
2022 530 2439 611 Refiduum
2488 557 2569 609 a·

647 660 800 741 qua
883 637 1142 715 ervida
1175 634 1422 739 probe
1470 636 1792 727 eluatur,
1826 634 2079 711 donec
2116 658 2351 712 omne
2392 658 2569 711 me·

647 738 984 817 tallicum
1027 736 1332 817 subierit
1385 732 1869 818 menstruum.

801 893 1129 969 Somno
1175 891 1581 967 minimum
1646 887 1931 1007 quadru
1990 887 2069 964 lo
2147 912 2361 988 aquae
2438 913 2563 967 re-

650 992 910 1097 spestu
983 992 1274 1069 vitrioli
1343 989 1694 1067 solvendi
1750 1012 1897 1094 gau
1956 1012 2085 1066 ere
2156 989 2439 1082 debet,
2506 993 2567 1065 i-

648 1098 798 1173 deo
855 1118 948 1171 ue
995 1095 1305 1169 mineroe
1357 1092 1684 1169 bonitati
1746 1092 2116 1191 quantitas
2186 1090 2571 1191 quodam-

648 1220 784 1273 mo
841 1219 892 1270 o
935 1192 1042 1271 est
1099 1191 1540 1293 adaptanda.
1644 1192 1836 1293 Quae
1879 1193 2093 1293 cupri
2140 1198 2298 1291 fag-52
2374 1218 2565 1269 con·

647 1299 880 1387 tinet,
933 1319 1140 1395 aquae
1183 1296 1481 1371 circiter
1527 1296 1681 1393 ῖξὲ
1719 1292 2076 1395 postulat,
2105 1292 2187 1370 δι
2224 1292 2327 1369 fic
2372 1320 2567 1395 por-

650 1422 762 1479 ro,
869 1396 1240 1473 Solutioni
1293 1396 1436 1473 rite
1489 1392 1745 1473 dilutae
1794 1398 2291 1497 immergatur
2346 1395 2565 1471 lami·

649 1523 750 1575 na
803 1496 1049 1573 ferrea
1103 1494 1389 1588 nitida,
1440 1523 1605 1597 quae
1665 1516 1945 1598 praeter
2014 1516 2340 1598 propter
2424 1497 2564 1573 du·

709 1600 785 1675 lo
833 1600 1149 1705 gravior
1199 1596 1286 1675 fit
1335 1623 1575 1701 cupro
1627 1596 2199 1698 praecipitando.
2328 1596 2566 1673 Ebul-

647 1626 817 1777 {itio
867 1698 1232 1801 perduret
1277 1722 1510 1799 usque
1564 1698 1746 1775 dum
1809 1698 1997 1773 nihil
2049 1698 2362 1774 ulterius
2424 1699 2563 1774 de-

649 1799 868 1880 cidat.
969 1802 1044 1875 Si
1086 1802 1312 1877 nimis
1358 1824 1587 1901 parca
1618 1797 1817 1875 adest
1868 1824 2055 1897 aqua
2084 1853 2106 1892 ,
2160 1800 2561 1881 metallum

709 1902 1197 2002 raecipitatum
1251 1902 1550 1977 laminae
1602 1899 1869 1975 ferreae
1917 1902 2405 2002 pertinaciter
2432 1900 2559 1977 ad-

707 2006 957 2105 gitur,
1039 1998 1246 2101 quod
1312 2002 1496 2101 justa
1578 2000 1816 2077 laticis
1884 2001 2045 2079 dofi
2110 1999 2414 2103 semper
2477 2003 2561 2079 &

650 2101 986 2207 perfe&e
1031 2102 1343 2182 laxatur.
1446 2102 1791 2202 Cuprum
1846 2104 2408 2203 praecipitatum
2482 2130 2561 2179 o·

652 2206 1041 2309 ptimeque
1091 2204 1329 2281 lotum
1386 2204 1727 2281 celeriter
1752 2203 2160 2279 exficcetur
2188 2257 2209 2295 ,
2256 2230 2421 2281 non
2455 2226 2559 2279 ta·

653 2330 835 2384 men
892 2330 985 2382 eo
1035 2303 1301 2383 caloris
1349 2305 1629 2408 gradu,
1672 2326 1755 2380 ut
1802 2303 2233 2404 superficies
2272 2306 2559 2382 metalli

650 2406 1068 2485 verficolor
1117 2405 1292 2502 fiat,
1338 2433 1493 2508 quo
1543 2405 1785 2481 statim
1835 2406 2139 2508 pondus
2194 2404 2561 2483 senfibili·

653 2531 769 2587 ter
817 2529 1151 2614 augetur.

740 2719 748 2726 -
813 2663 894 2740 81
945 2685 1262 2763 cuprum
1305 2659 1781 2736 deturbatum
1831 2657 2039 2739 ferro
2087 2651 2559 2740 centamina·

649 2787 812 2841 tum
871 2762 1519 2864 reperitur‚quod
1573 2761 1956 2839 interdum
1998 2765 2560 2866 accidit‚-prae-

649 2865 907 2941 sertim
961 2869 1040 2940 in
1087 2865 1447 2969 ‘examine
1480 2865 1811 2960 minerae
1857 2867 2249 2967 pauperiS,
2298 2869 2456 2942 hoc
2490 2870 2557 2941 i-

649 2987 896 3042 terum
952 2963 1324 3057 solvatur,
1375 2986 1458 3040 ut
1517 2964 1732 3042 dives
1793 2965 2170 3064 habeatur¹
2217 2965 2501 3043 solutio
2532 3021 2557 3060 ‚

651 3093 817 3167 quae
864 3091 1179 3165 cuprum
1233 3066 1566 3141 demittit
1614 3093 1932 3166 purum,
1986 3065 2039 3142 fi
2100 3069 2340 3144 modo
2418 3095 2557 3144 nu·

648 3191 791 3274 per
846 3168 1232 3270 descripto
1282 3169 1629 3268 operatio
1695 3170 2107 3270 peragitur.
2232 3170 2359 3244 De
2441 3197 2557 3246 ar-

647 3288 886 3374 gento
943 3292 1092 3368 ope
1147 3271 1362 3366 cupri
1416 3268 1847 3367 dejiciendo
1890 3271 2095 3344 idem
2151 3270 2396 3347 valet:
2436 3270 2555 3351 ‚di-

647 3395 786 3446 ves
831 3364 1100 3445 solutio
1157 3393 1431 3484 purum
1487 3371 1777 3470 praebet
1834 3372 2261 3466 metallum,
2306 3369 2445 3449 sed
2478 3395 2547 3448 e·

648 3495 850 3582 gena
895 3494 1132 3570 cupro
1185 3491 1681 3573 inquinatum.
1804 3537 1813 3546 ,

797 3625 878 3702 St
932 3647 1242 3724 cuprum
1279 3622 1911 3728 praecipitandum
1950 3625 2089 3701 alia
2131 3623 2353 3702 fovet
2394 3649 2551 3703 me·

642 3727 816 3812 talla
845 3780 870 3825 2
920 3726 1084 3808 haee
1121 3723 1535 3826 solutione,
1586 3749 1735 3832 ope
1786 3726 1985 3808 acidi
2038 3725 2302 3806 nitrofi
2352 3727 2555 3803 insti-

2437 3851 2549 3908 tu·
