2760 4749
405 304 532 395 De
567 306 1078 394 minet-arum
1105 302 1563 412 Docimasia
1586 302 1945 396 humida.
2011 326 2175 421 445

287 514 402 595 est
449 514 730 611 modo,
778 541 954 595 nam
1005 542 1048 595 a
1100 518 1365 595 nativo
1417 541 1573 595 non
1630 515 1763 595 nifi
1811 540 2180 621 perquam

191 666 198 675 -
287 622 566 721 exigua
607 618 976 718 sulphuris
1028 620 1441 718 quantitate
1492 615 1790 709 differt,
1838 644 2003 719 quae
2070 615 2180 698 se·
2262 708 2265 713 ,

291 742 556 821 parata
605 721 865 821 colligi
905 720 1154 799 debet.

445 871 547 972 C)
598 875 848 948 Acmo
898 871 1253 949 vitriolico
1309 874 1823 973 inquinatum,
1874 866 2182 970 copiose

284 978 540 1048 autem
587 970 801 1049 ferro
880 972 1312 1049 instruaum
1374 975 1457 1053 &
1522 976 1737 1050 omni
1798 973 2184 1075 privatum

291 1071 682 1162 arsenico,
736 1074 1022 1151 detexit
1072 1074 1460 1151 Celeberr.
1489 1076 1812 1149 Rumor
1855 1082 1951 1175 q).
2001 1071 2183 1147 Hoc

289 1176 418 1248 via
473 1173 779 1249 humida
831 1176 1434 1275 exploravimus,
1509 1198 1695 1273 aqua
1778 1174 1983 1277 regis
2043 1170 2185 1248 sol·

289 1271 575 1351 vendo.
680 1276 966 1351 Solutio
1025 1276 1220 1351 flava
1263 1277 1364 1352 ob
1433 1273 1617 1353 ferri
1693 1279 1989 1376 copiam
2051 1275 2184 1349 vix

289 1375 643 1465 rubebat,
707 1374 834 1451 sed
909 1372 1264 1453 ebulliens
1339 1376 1654 1453 obscure
1720 1373 2185 1467 virescebat,

289 1475 424 1552 sub
480 1476 1056 1580 refrigeratione
1107 1475 1503 1577 pristinum
1563 1496 2017 1575 recuperans
2051 1497 2185 1549 co-

287 1577 578 1667 lorem,
633 1603 799 1677 quae
843 1581 1269 1677 proprietas
1321 1577 1700 1653 cobaltum
1750 1575 2035 1651 salitum
2077 1574 2186 1648 di-

288 1675 618 1781 stinguit.
694 1676 1078 1777 Sulphuris
1129 1675 1317 1753 nihil
1367 1677 1729 1778 colligere
1773 1676 2187 1775 potuimuS,

289 1776 424 1853 scd
479 1780 746 1857 Terrae
795 1776 1247 1877 pon-derosae
1309 1774 1581 1865 salitae,
1642 1800 1829 1875 aqua
1880 1772 2189 1864 solutae,

289 1878 574 1977 aliquot
620 1876 1138 1953 instillavimus·
1191 1898 1433 1980 guttas
1469 1930 1493 1970 ‚
1546 1903 1711 1978 quae
1772 1899 1955 1951 mox
2034 1878 2191 1951 aci·

290 1978 474 2054 dum
526 1979 986 2056 vitriolicum
1033 1978 1557 2081 prodiderunt.
1637 1975 1985 2053 Arsenici
2028 1973 2185 2056 fei'e

289 2079 488 2154 nihil
546 2078 905 2185 indagare
957 2083 1356 2180 potuimus,

444 2232 541 2329 81,
573 2232 744 2309 heic
797 2234 1090 2309 acidum
1152 2230 1612 2321 vitriolicum
1659 2231 1810 2309 fine
1883 2230 2187 2339 phlogi·
2256 2263 2265 2283 ’

285 2331 406 2410 sto
459 2332 703 2425 adest,
741 2355 822 2410 ut
849 2333 1146 2412 videtur
1171 2391 1194 2425 ‚
1237 2331 1403 2434 (nifi
1448 2334 1613 2433 quis
1654 2335 1966 2416 credere
2008 2334 2189 2414 mal-

287 2435 439 2527 let,
488 2433 955 2534 paucissimos
1009 2434 1376 2533 sulphuris
1435 2458 1731 2513 atomos
1788 2436 1919 2513 sub
1990 2437 2191 2516 solu-

289 2539 508 2612 tione
563 2533 948 2641 phlogisto
1003 2535 1218 2638 fuiss'e
1256 2533 1611 2637 spoliatos
1628 2539 1700 2634 ,-)
1750 2536 1900 2613 hoc
1927 2560 2189 2615 tamen

289 2635 592 2722 acidum
649 2658 1119 2736 nequaquam
1198 2655 1404 2712 tanta
1478 2635 1681 2712 adest
1756 2636 1979 2737 copia
2018 2694 2037 2731 ,
2106 2661 2191 2716 ut

237 2783 244 2790 -
287 2737 672 2812 cobaltum
699 2735 879 2813 inde
917 2737 1386 2814 vitriolatum
1410 2739 1698 2814 oriatur
1724 2791 1747 2830 ,
1799 2763 1977 2814 nam
1998 2764 2190 2818 mas·

287 2837 368 2916 sa
416 2835 694 2939 gaudet
761 2837 1131 2914 metallica
1191 2834 1498 2928 indole,
1573 2863 1739 2936 quae
1796 2839 1977 2918 ideo
2028 2865 2192 2921 non

143 2960 153 2970 ·
287 2937 430 3018 nifi
485 2939 1142 3037 inquinamentum
1199 2936 1395 3014 acidi
1448 2937 1693 3017 habet.

441 3038 902 3118 Gafficonuu
925 3036 1276 3115 Tricbites
1299 3040 1378 3114 in
1395 3036 1677 3116 fodinis
1692 3039 1775 3116 H
1778 3063 2105 3146 errngru
2113 3069 2193 3123 n-

287 3141 642 3220 densibus
682 3139 764 3218 &
785 3139 1234 3216 Idrienfibus
1268 3137 1539 3216 obvius
1560 3192 1583 3234 ,
1618 3140 1853 3243 lapidi
1879 3142 2192 3226 adnatus

287 3239 650 3346 argilloso
699 3242 852 3338 r),
901 3264 1176 3344 praeter
1217 3239 1563 3343 argillam
1617 3243 1698 3321 &
1748 3245 2045 3322 acidum
2077 3251 2190 3326 vi-

253 3342 503 3422 ·trioli
580 3365 852 3420 revera
932 3339 1213 3419 cobalti
1302 3342 1715 3442 quidquam
1788 3351 2133 3424 continet
2164 3401 2189 3441 ‚

287 3441 538 3622 quodst
561 3443 788 3524 alkali
867 3440 1405 3549 phlogisticato
1480 3443 1729 3531 solum
1804 3446 2191 3630 deturbaori

288 3566 474 3648 pote
541 3602 561 3626 .
1896 3620 1903 3626 .
2154 3557 2189 3645 )

381 3734 449 3818 q)
491 3733 639 3797 Αεὶι
683 3734 827 3812 Upi.
876 3749 1072 3813 1742,
1119 3735 1184 3802 Gt
1226 3735 1466 3806 stoekh.
1504 3741 1693 3818 1746.

377 3820 448 3893 a)
494 3811 936 3894 Halotriclmm.
977 3821 1222 3884 Scoton
1259 3823 1445 3888 Ptine.
1486 3822 1755 3892 Miner-1.
1783 3821 1842 3903 §0
1868 3837 2019 3905 102·
2044 3823 2189 3887 106.
