<?xml version="1.0" encoding="UTF-8"?>
<!DOCTYPE html PUBLIC "-//W3C//DTD XHTML 1.0 Transitional//EN"
    "http://www.w3.org/TR/xhtml1/DTD/xhtml1-transitional.dtd">
<html xmlns="http://www.w3.org/1999/xhtml" xml:lang="en" lang="en">
 <head>
  <title>
</title>
<meta http-equiv="Content-Type" content="text/html;charset=utf-8" />
  <meta name='ocr-system' content='tesseract 3.04.00' />
  <meta name='ocr-capabilities' content='ocr_page ocr_carea ocr_par ocr_line ocrx_word'/>
</head>
<body>
  <div class='ocr_page' id='page_1' title='image "./opusculaphysica04berggoog/opusculaphysica04berggoog_0076.png"; bbox 0 0 2760 4749; ppageno 0'>
   <div class='ocr_carea' id='block_1_1' title="bbox 679 343 2161 468">
    <p class='ocr_par' dir='ltr' id='par_1_1' title="bbox 679 343 2161 468">
     <span class='ocr_line' id='line_1_1' title="bbox 679 343 2161 468; baseline -0.005 -22"><span class='ocrx_word' id='word_1_1' title='bbox 679 359 799 462; x_wconf 70' lang='lat'>63</span> <span class='ocrx_word' id='word_1_2' title='bbox 1101 347 1256 440; x_wconf 82' lang='lat' dir='ltr'>De</span> <span class='ocrx_word' id='word_1_3' title='bbox 1305 345 1566 468; x_wconf 77' lang='lat' dir='ltr'>lapide</span> <span class='ocrx_word' id='word_1_4' title='bbox 1620 343 2161 467; x_wconf 77' lang='lat' dir='ltr'>hydrophano.</span> 
     </span>
    </p>
   </div>
   <div class='ocr_carea' id='block_1_2' title="bbox 674 559 2585 970">
    <p class='ocr_par' dir='ltr' id='par_1_2' title="bbox 674 559 2585 970">
     <span class='ocr_line' id='line_1_2' title="bbox 677 559 2581 658; baseline -0.002 -12"><span class='ocrx_word' id='word_1_5' title='bbox 677 563 1004 647; x_wconf 81' lang='lat' dir='ltr'>nestram</span> <span class='ocrx_word' id='word_1_6' title='bbox 1058 565 1370 643; x_wconf 83' lang='lat' dir='ltr'>advenit</span> <span class='ocrx_word' id='word_1_7' title='bbox 1394 621 1419 658; x_wconf 96' lang='lat'>,</span> <span class='ocrx_word' id='word_1_8' title='bbox 1474 561 1775 642; x_wconf 82' lang='lat' dir='ltr'>macula</span> <span class='ocrx_word' id='word_1_9' title='bbox 1846 559 1955 640; x_wconf 86' lang='lat' dir='ltr'>ful</span> <span class='ocrx_word' id='word_1_10' title='bbox 2016 585 2175 641; x_wconf 87' lang='lat' dir='ltr'>ens·</span> <span class='ocrx_word' id='word_1_11' title='bbox 2226 560 2581 642; x_wconf 87' lang='lat' dir='ltr'>eamdem</span> 
     </span>
     <span class='ocr_line' id='line_1_3' title="bbox 675 664 2582 770; baseline -0.001 -26"><span class='ocrx_word' id='word_1_12' title='bbox 675 667 1028 770; x_wconf 83' lang='lat' dir='ltr'><strong>depingit</strong></span> <span class='ocrx_word' id='word_1_13' title='bbox 1057 723 1084 760; x_wconf 92' lang='lat'>,</span> <span class='ocrx_word' id='word_1_14' title='bbox 1135 664 1601 743; x_wconf 89' lang='lat' dir='ltr'>flammulam</span> <span class='ocrx_word' id='word_1_15' title='bbox 1656 687 1893 758; x_wconf 79' lang='lat' dir='ltr'>vern,</span> <span class='ocrx_word' id='word_1_16' title='bbox 2066 664 2377 765; x_wconf 88' lang='lat' dir='ltr'>quidem</span> <span class='ocrx_word' id='word_1_17' title='bbox 2416 688 2582 742; x_wconf 85' lang='lat' dir='ltr'>cre-</span> 
     </span>
     <span class='ocr_line' id='line_1_4' title="bbox 674 763 2583 860; baseline -0.003 -12"><span class='ocrx_word' id='word_1_18' title='bbox 674 771 809 848; x_wconf 72' lang='lat' dir='ltr'>sto</span> <span class='ocrx_word' id='word_1_19' title='bbox 866 766 1004 844; x_wconf 90' lang='lat' dir='ltr'>fitu</span> <span class='ocrx_word' id='word_1_20' title='bbox 1056 768 1109 844; x_wconf 87' lang='lat' dir='ltr'><strong>fi</strong></span> <span class='ocrx_word' id='word_1_21' title='bbox 1160 767 1198 843; x_wconf 87' lang='lat' dir='ltr'><em>l</em></span> <span class='ocrx_word' id='word_1_22' title='bbox 1240 765 1631 844; x_wconf 86' lang='lat' dir='ltr'>candelam</span> <span class='ocrx_word' id='word_1_23' title='bbox 1678 763 2067 843; x_wconf 79' lang='lat' dir='ltr'>accensam</span> <span class='ocrx_word' id='word_1_24' title='bbox 2119 765 2456 860; x_wconf 84' lang='lat' dir='ltr'>exhibet,</span> <span class='ocrx_word' id='word_1_25' title='bbox 2494 766 2583 842; x_wconf 75' lang='grc' dir='ltr'>δε</span> 
     </span>
     <span class='ocr_line' id='line_1_5' title="bbox 675 865 2585 970; baseline -0.004 -20"><span class='ocrx_word' id='word_1_26' title='bbox 675 869 912 950; x_wconf 87' lang='lat' dir='ltr'>solem</span> <span class='ocrx_word' id='word_1_27' title='bbox 969 865 1263 970; x_wconf 85' lang='lat' dir='ltr'>ipsum,</span> <span class='ocrx_word' id='word_1_28' title='bbox 1309 867 1492 944; x_wconf 92' lang='lat' dir='ltr'>dum</span> <span class='ocrx_word' id='word_1_29' title='bbox 1540 867 1651 943; x_wconf 90' lang='lat' dir='ltr'>illi</span> <span class='ocrx_word' id='word_1_30' title='bbox 1724 889 1819 944; x_wconf 86' lang='lat' dir='ltr'>ex</span> <span class='ocrx_word' id='word_1_31' title='bbox 1878 868 2135 944; x_wconf 86' lang='lat' dir='ltr'>onitur</span> <span class='ocrx_word' id='word_1_32' title='bbox 2193 865 2405 966; x_wconf 79' lang='lat' dir='ltr'>lapis,</span> <span class='ocrx_word' id='word_1_33' title='bbox 2510 867 2585 942; x_wconf 89' lang='lat'>1-</span> 
     </span>
    </p>
   </div>
   <div class='ocr_carea' id='block_1_3' title="bbox 675 967 2748 1080">
    <p class='ocr_par' dir='ltr' id='par_1_3' title="bbox 675 967 2748 1080">
     <span class='ocr_line' id='line_1_6' title="bbox 675 967 2748 1080; baseline -0.004 -30"><span class='ocrx_word' id='word_1_34' title='bbox 675 986 898 1070; x_wconf 83' lang='lat' dir='ltr'>taque</span> <span class='ocrx_word' id='word_1_35' title='bbox 935 969 1125 1046; x_wconf 89' lang='lat' dir='ltr'>radii</span> <span class='ocrx_word' id='word_1_36' title='bbox 1179 991 1276 1044; x_wconf 86' lang='lat' dir='ltr'>ex</span> <span class='ocrx_word' id='word_1_37' title='bbox 1327 967 1595 1044; x_wconf 87' lang='lat' dir='ltr'>iisdem</span> <span class='ocrx_word' id='word_1_38' title='bbox 1639 991 1794 1068; x_wconf 90' lang='lat' dir='ltr'>pun</span> <span class='ocrx_word' id='word_1_39' title='bbox 1877 969 1937 1042; x_wconf 89' lang='lat' dir='ltr'>is</span> <span class='ocrx_word' id='word_1_40' title='bbox 1990 968 2333 1069; x_wconf 85' lang='lat' dir='ltr'>proximi</span> <span class='ocrx_word' id='word_1_41' title='bbox 2364 990 2586 1072; x_wconf 86' lang='lat' dir='ltr'>egre-</span> <span class='ocrx_word' id='word_1_42' title='bbox 2746 1009 2748 1080; x_wconf 52' lang='grc' dir='ltr'><em>Ξ</em></span> 
     </span>
    </p>
   </div>
   <div class='ocr_carea' id='block_1_4' title="bbox 669 1065 2585 2279">
    <p class='ocr_par' dir='ltr' id='par_1_4' title="bbox 669 1065 2585 2279">
     <span class='ocr_line' id='line_1_7' title="bbox 675 1065 2583 1148; baseline -0.001 -1"><span class='ocrx_word' id='word_1_43' title='bbox 675 1074 975 1148; x_wconf 81' lang='lat' dir='ltr'>dientes</span> <span class='ocrx_word' id='word_1_44' title='bbox 1035 1072 1310 1145; x_wconf 84' lang='lat' dir='ltr'>iterum</span> <span class='ocrx_word' id='word_1_45' title='bbox 1359 1070 1440 1144; x_wconf 92' lang='lat' dir='ltr'>in</span> <span class='ocrx_word' id='word_1_46' title='bbox 1492 1065 1697 1144; x_wconf 85' lang='lat' dir='ltr'>hisce</span> <span class='ocrx_word' id='word_1_47' title='bbox 1766 1067 2042 1144; x_wconf 76' lang='lat' dir='ltr'>casibus</span> <span class='ocrx_word' id='word_1_48' title='bbox 2118 1066 2583 1145; x_wconf 72' lang='lat' dir='ltr'>refraffione</span> 
     </span>
     <span class='ocr_line' id='line_1_8' title="bbox 677 1167 2583 1270; baseline -0.001 -22"><span class='ocrx_word' id='word_1_49' title='bbox 677 1183 959 1248; x_wconf 63' lang='lat' dir='ltr'>coeunt</span> <span class='ocrx_word' id='word_1_50' title='bbox 1017 1171 1214 1246; x_wconf 86' lang='lat' dir='ltr'>intra</span> <span class='ocrx_word' id='word_1_51' title='bbox 1263 1167 1594 1270; x_wconf 82' lang='lat' dir='ltr'>lapidem</span> <span class='ocrx_word' id='word_1_52' title='bbox 1643 1167 1723 1245; x_wconf 74' lang='grc' dir='ltr'>δι</span> <span class='ocrx_word' id='word_1_53' title='bbox 1789 1168 2063 1268; x_wconf 74' lang='lat' dir='ltr'>figuras</span> <span class='ocrx_word' id='word_1_54' title='bbox 2119 1191 2385 1244; x_wconf 89' lang='lat' dir='ltr'>eorum</span> <span class='ocrx_word' id='word_1_55' title='bbox 2448 1169 2583 1246; x_wconf 69' lang='lat' dir='ltr'>de·-</span> 
     </span>
     <span class='ocr_line' id='line_1_9' title="bbox 673 1269 2585 1372; baseline -0.001 -24"><span class='ocrx_word' id='word_1_56' title='bbox 673 1271 986 1348; x_wconf 86' lang='lat' dir='ltr'>lineant.</span> <span class='ocrx_word' id='word_1_57' title='bbox 1092 1271 1349 1346; x_wconf 85' lang='lat' dir='ltr'>Radiis</span> <span class='ocrx_word' id='word_1_58' title='bbox 1407 1269 1589 1344; x_wconf 90' lang='lat' dir='ltr'>lucis</span> <span class='ocrx_word' id='word_1_59' title='bbox 1642 1270 1873 1372; x_wconf 89' lang='lat' dir='ltr'>plano</span> <span class='ocrx_word' id='word_1_60' title='bbox 1922 1269 2007 1344; x_wconf 92' lang='lat' dir='ltr'><em>N</em></span> <span class='ocrx_word' id='word_1_61' title='bbox 2108 1271 2411 1346; x_wconf 83' lang='lat' dir='ltr'>circiter</span> <span class='ocrx_word' id='word_1_62' title='bbox 2458 1295 2585 1372; x_wconf 87' lang='lat' dir='ltr'>pa·</span> 
     </span>
     <span class='ocr_line' id='line_1_10' title="bbox 674 1368 2585 1470; baseline -0.003 -18"><span class='ocrx_word' id='word_1_63' title='bbox 674 1371 929 1452; x_wconf 83' lang='lat' dir='ltr'>rallele</span> <span class='ocrx_word' id='word_1_64' title='bbox 982 1369 1531 1462; x_wconf 77' lang='lat' dir='ltr'>incidentibus,</span> <span class='ocrx_word' id='word_1_65' title='bbox 1592 1391 1633 1444; x_wconf 90' lang='lat' dir='ltr'>e</span> <span class='ocrx_word' id='word_1_66' title='bbox 1704 1368 1989 1470; x_wconf 69' lang='lat' dir='ltr'>punsto</span> <span class='ocrx_word' id='word_1_67' title='bbox 2211 1371 2585 1446; x_wconf 89' lang='lat' dir='ltr'>interiora</span> 
     </span>
     <span class='ocr_line' id='line_1_11' title="bbox 669 1469 2584 1575; baseline -0.002 -25"><span class='ocrx_word' id='word_1_68' title='bbox 669 1469 933 1550; x_wconf 68' lang='lat' dir='ltr'>5versus</span> <span class='ocrx_word' id='word_1_69' title='bbox 986 1469 1151 1548; x_wconf 88' lang='lat' dir='ltr'>duae</span> <span class='ocrx_word' id='word_1_70' title='bbox 1204 1471 1554 1572; x_wconf 84' lang='lat' dir='ltr'>pluresve</span> <span class='ocrx_word' id='word_1_71' title='bbox 1610 1469 2021 1575; x_wconf 87' lang='lat' dir='ltr'>divergunt</span> <span class='ocrx_word' id='word_1_72' title='bbox 2098 1491 2348 1546; x_wconf 83' lang='lat' dir='ltr'>curvae</span> <span class='ocrx_word' id='word_1_73' title='bbox 2420 1471 2584 1570; x_wconf 74' lang='lat' dir='ltr'>ejus</span> 
     </span>
     <span class='ocr_line' id='line_1_12' title="bbox 675 1569 2581 1678; baseline -0.002 -28"><span class='ocrx_word' id='word_1_74' title='bbox 675 1571 1024 1678; x_wconf 77' lang='lat' dir='ltr'>generiS,</span> <span class='ocrx_word' id='word_1_75' title='bbox 1079 1597 1244 1672; x_wconf 83' lang='lat' dir='ltr'>quae</span> <span class='ocrx_word' id='word_1_76' title='bbox 1297 1569 1628 1648; x_wconf 81' lang='lat' dir='ltr'>causticae</span> <span class='ocrx_word' id='word_1_77' title='bbox 1679 1595 1819 1672; x_wconf 90' lang='lat' dir='ltr'>per</span> <span class='ocrx_word' id='word_1_78' title='bbox 1860 1569 2396 1648; x_wconf 69' lang='lat' dir='ltr'>refrastionem</span> <span class='ocrx_word' id='word_1_79' title='bbox 2441 1596 2581 1648; x_wconf 89' lang='lat' dir='ltr'>vo·</span> 
     </span>
     <span class='ocr_line' id='line_1_13' title="bbox 675 1669 2584 1773; baseline -0.002 -21"><span class='ocrx_word' id='word_1_80' title='bbox 675 1695 944 1752; x_wconf 89' lang='lat' dir='ltr'>cantur</span> <span class='ocrx_word' id='word_1_81' title='bbox 1000 1672 1110 1772; x_wconf 78' lang='lat' dir='ltr'>h).·</span> <span class='ocrx_word' id='word_1_82' title='bbox 1201 1673 1412 1749; x_wconf 90' lang='lat' dir='ltr'>Intra</span> <span class='ocrx_word' id='word_1_83' title='bbox 1478 1669 1810 1772; x_wconf 81' lang='lat' dir='ltr'>lapidem</span> <span class='ocrx_word' id='word_1_84' title='bbox 1892 1669 2037 1748; x_wconf 76' lang='lat' dir='ltr'>111ae</span> <span class='ocrx_word' id='word_1_85' title='bbox 2108 1671 2584 1773; x_wconf 89' lang='lat' dir='ltr'>conspiciun-</span> 
     </span>
     <span class='ocr_line' id='line_1_14' title="bbox 672 1769 2583 1874; baseline -0.002 -21"><span class='ocrx_word' id='word_1_86' title='bbox 672 1797 846 1868; x_wconf 86' lang='lat' dir='ltr'>tur,</span> <span class='ocrx_word' id='word_1_87' title='bbox 899 1799 1066 1874; x_wconf 84' lang='lat' dir='ltr'>quae</span> <span class='ocrx_word' id='word_1_88' title='bbox 1128 1791 1220 1849; x_wconf 85' lang='lat' dir='ltr'>ex</span> <span class='ocrx_word' id='word_1_89' title='bbox 1291 1769 1743 1850; x_wconf 72' lang='lat' dir='ltr'>refrastione</span> <span class='ocrx_word' id='word_1_90' title='bbox 1813 1772 1896 1848; x_wconf 90' lang='lat' dir='ltr'>in</span> <span class='ocrx_word' id='word_1_91' title='bbox 1974 1771 2296 1849; x_wconf 85' lang='lat' dir='ltr'>obversa</span> <span class='ocrx_word' id='word_1_92' title='bbox 2359 1792 2583 1874; x_wconf 81' lang='lat' dir='ltr'>parte</span> 
     </span>
     <span class='ocr_line' id='line_1_15' title="bbox 675 1871 2579 1968; baseline -0.001 -16"><span class='ocrx_word' id='word_1_93' title='bbox 675 1895 1026 1952; x_wconf 82' lang='lat' dir='ltr'>convexa</span> <span class='ocrx_word' id='word_1_94' title='bbox 1077 1871 1198 1947; x_wconf 71' lang='grc' dir='ltr'>Οἱ,</span> <span class='ocrx_word' id='word_1_95' title='bbox 1247 1876 1631 1968; x_wconf 89' lang='lat' dir='ltr'>oriuntur,</span> <span class='ocrx_word' id='word_1_96' title='bbox 1689 1895 1761 1950; x_wconf 88' lang='lat' dir='ltr'>at</span> <span class='ocrx_word' id='word_1_97' title='bbox 1819 1892 2037 1950; x_wconf 83' lang='lat' dir='ltr'>extra</span> <span class='ocrx_word' id='word_1_98' title='bbox 2086 1875 2441 1950; x_wconf 88' lang='lat' dir='ltr'>eumdem</span> <span class='ocrx_word' id='word_1_99' title='bbox 2494 1877 2579 1950; x_wconf 90' lang='lat' dir='ltr'>in</span> 
     </span>
     <span class='ocr_line' id='line_1_16' title="bbox 673 1972 2580 2078; baseline 0.001 -28"><span class='ocrx_word' id='word_1_100' title='bbox 673 1978 907 2078; x_wconf 81' lang='lat' dir='ltr'>plano</span> <span class='ocrx_word' id='word_1_101' title='bbox 957 1973 1138 2073; x_wconf 47' lang='grc' dir='ltr'>ΝΩ</span> <span class='ocrx_word' id='word_1_102' title='bbox 1157 1973 1715 2068; x_wconf 86' lang='lat' dir='ltr'>extenduntur,</span> <span class='ocrx_word' id='word_1_103' title='bbox 1770 2000 1934 2074; x_wconf 83' lang='lat' dir='ltr'>quae</span> <span class='ocrx_word' id='word_1_104' title='bbox 1986 1972 2443 2051; x_wconf 71' lang='lat' dir='ltr'>refrastione</span> <span class='ocrx_word' id='word_1_105' title='bbox 2492 1976 2580 2051; x_wconf 88' lang='lat' dir='ltr'>in</span> 
     </span>
     <span class='ocr_line' id='line_1_17' title="bbox 677 2071 2579 2176; baseline 0 -26"><span class='ocrx_word' id='word_1_106' title='bbox 677 2093 1015 2150; x_wconf 87' lang='lat' dir='ltr'>concava</span> <span class='ocrx_word' id='word_1_107' title='bbox 1037 2091 1254 2174; x_wconf 82' lang='lat' dir='ltr'>parte</span> <span class='ocrx_word' id='word_1_108' title='bbox 1281 2071 1520 2148; x_wconf 84' lang='lat' dir='ltr'>LMN</span> <span class='ocrx_word' id='word_1_109' title='bbox 1547 2094 2028 2176; x_wconf 82' lang='lat' dir='ltr'>generantur.</span> <span class='ocrx_word' id='word_1_110' title='bbox 2048 2074 2159 2150; x_wconf 92' lang='lat' dir='ltr'>Ut</span> <span class='ocrx_word' id='word_1_111' title='bbox 2183 2075 2343 2155; x_wconf 80' lang='lat' dir='ltr'>haec</span> <span class='ocrx_word' id='word_1_112' title='bbox 2366 2075 2579 2176; x_wconf 83' lang='lat' dir='ltr'>phae-</span> 
     </span>
     <span class='ocr_line' id='line_1_18' title="bbox 675 2170 2580 2279; baseline -0.001 -26"><span class='ocrx_word' id='word_1_113' title='bbox 675 2191 1007 2254; x_wconf 77' lang='lat' dir='ltr'>nomena</span> <span class='ocrx_word' id='word_1_114' title='bbox 1067 2170 1411 2265; x_wconf 49' lang='lat' dir='ltr'>distinete</span> <span class='ocrx_word' id='word_1_115' title='bbox 1480 2173 1866 2252; x_wconf 85' lang='lat' dir='ltr'>observari</span> <span class='ocrx_word' id='word_1_116' title='bbox 1920 2196 2195 2274; x_wconf 89' lang='lat' dir='ltr'>queant</span> <span class='ocrx_word' id='word_1_117' title='bbox 2249 2195 2580 2279; x_wconf 85' lang='lat' dir='ltr'>ponatur</span> 
     </span>
    </p>
   </div>
   <div class='ocr_carea' id='block_1_5' title="bbox 674 2271 2695 2383">
    <p class='ocr_par' dir='ltr' id='par_1_5' title="bbox 674 2271 2695 2383">
     <span class='ocr_line' id='line_1_19' title="bbox 674 2271 2695 2383; baseline 0.002 -31"><span class='ocrx_word' id='word_1_118' title='bbox 674 2275 984 2352; x_wconf 86' lang='lat' dir='ltr'>candela</span> <span class='ocrx_word' id='word_1_119' title='bbox 1013 2273 1052 2350; x_wconf 91' lang='lat' dir='ltr'><em>l</em></span> <span class='ocrx_word' id='word_1_120' title='bbox 1067 2273 1373 2352; x_wconf 84' lang='lat' dir='ltr'>accensa</span> <span class='ocrx_word' id='word_1_121' title='bbox 1396 2271 1489 2352; x_wconf 87' lang='lat' dir='ltr'>ad</span> <span class='ocrx_word' id='word_1_122' title='bbox 1508 2275 1725 2378; x_wconf 89' lang='lat' dir='ltr'>pedis</span> <span class='ocrx_word' id='word_1_123' title='bbox 1748 2274 2169 2354; x_wconf 87' lang='lat' dir='ltr'>distantiam</span> <span class='ocrx_word' id='word_1_124' title='bbox 2194 2301 2234 2353; x_wconf 86' lang='lat' dir='ltr'>a</span> <span class='ocrx_word' id='word_1_125' title='bbox 2251 2299 2580 2379; x_wconf 88' lang='lat' dir='ltr'>perpen-</span> <span class='ocrx_word' id='word_1_126' title='bbox 2681 2334 2695 2383; x_wconf 74' lang='lat'>,⁴</span> 
     </span>
    </p>
   </div>
   <div class='ocr_carea' id='block_1_6' title="bbox 663 2374 2583 3785">
    <p class='ocr_par' dir='ltr' id='par_1_6' title="bbox 663 2374 2583 3689">
     <span class='ocr_line' id='line_1_20' title="bbox 671 2374 2583 2478; baseline 0.001 -24"><span class='ocrx_word' id='word_1_127' title='bbox 671 2378 927 2455; x_wconf 88' lang='lat' dir='ltr'>diculo</span> <span class='ocrx_word' id='word_1_128' title='bbox 973 2376 1130 2468; x_wconf 72' lang='grc' dir='ltr'>ΕΡ,</span> <span class='ocrx_word' id='word_1_129' title='bbox 1169 2374 1601 2455; x_wconf 77' lang='lat' dir='ltr'>‘transeunte</span> <span class='ocrx_word' id='word_1_130' title='bbox 1706 2398 1790 2455; x_wconf 89' lang='lat' dir='ltr'>er</span> <span class='ocrx_word' id='word_1_131' title='bbox 1848 2377 2150 2455; x_wconf 90' lang='lat' dir='ltr'>oculum</span> <span class='ocrx_word' id='word_1_132' title='bbox 2197 2381 2276 2455; x_wconf 90' lang='lat' dir='ltr'>in</span> <span class='ocrx_word' id='word_1_133' title='bbox 2308 2378 2409 2471; x_wconf 78' lang='lat' dir='ltr'>R,</span> <span class='ocrx_word' id='word_1_134' title='bbox 2445 2380 2583 2478; x_wconf 78' lang='lat' dir='ltr'>qul</span> 
     </span>
     <span class='ocr_line' id='line_1_21' title="bbox 672 2477 2577 2580; baseline 0.002 -26"><span class='ocrx_word' id='word_1_135' title='bbox 672 2477 996 2571; x_wconf 77' lang='lat' dir='ltr'>dimidio</span> <span class='ocrx_word' id='word_1_136' title='bbox 1025 2481 1325 2557; x_wconf 87' lang='lat' dir='ltr'>circiter</span> <span class='ocrx_word' id='word_1_137' title='bbox 1376 2479 1571 2580; x_wconf 85' lang='lat' dir='ltr'>pede</span> <span class='ocrx_word' id='word_1_138' title='bbox 1618 2503 1660 2555; x_wconf 99' lang='lat' dir='ltr'>a</span> <span class='ocrx_word' id='word_1_139' title='bbox 1693 2481 1831 2555; x_wconf 84' lang='lat' dir='ltr'>tius</span> <span class='ocrx_word' id='word_1_140' title='bbox 1876 2478 1962 2555; x_wconf 86' lang='lat' dir='ltr'>fit</span> <span class='ocrx_word' id='word_1_141' title='bbox 1993 2479 2313 2580; x_wconf 81' lang='lat' dir='ltr'>politus,</span> <span class='ocrx_word' id='word_1_142' title='bbox 2346 2504 2577 2578; x_wconf 88' lang='lat' dir='ltr'>quam</span> 
     </span>
     <span class='ocr_line' id='line_1_22' title="bbox 668 2578 2576 2683; baseline 0.001 -28"><span class='ocrx_word' id='word_1_143' title='bbox 668 2582 696 2655; x_wconf 93' lang='lat' dir='ltr'>i</span> <span class='ocrx_word' id='word_1_144' title='bbox 759 2580 832 2657; x_wconf 88' lang='lat' dir='ltr'>sa</span> <span class='ocrx_word' id='word_1_145' title='bbox 884 2580 1206 2661; x_wconf 86' lang='lat' dir='ltr'>flamma.</span> <span class='ocrx_word' id='word_1_146' title='bbox 1310 2578 1750 2657; x_wconf 89' lang='lat' dir='ltr'>Collocetur</span> <span class='ocrx_word' id='word_1_147' title='bbox 1793 2580 1949 2678; x_wconf 86' lang='lat' dir='ltr'>jam</span> <span class='ocrx_word' id='word_1_148' title='bbox 2006 2578 2268 2681; x_wconf 88' lang='lat' dir='ltr'>opalus</span> <span class='ocrx_word' id='word_1_149' title='bbox 2308 2579 2576 2683; x_wconf 73' lang='lat' dir='ltr'>figura:</span> 
     </span>
     <span class='ocr_line' id='line_1_23' title="bbox 665 2679 2579 2783; baseline 0.001 -26"><span class='ocrx_word' id='word_1_150' title='bbox 665 2700 712 2757; x_wconf 84' lang='lat' dir='ltr'>e</span> <span class='ocrx_word' id='word_1_151' title='bbox 743 2679 1127 2781; x_wconf 81' lang='lat' dir='ltr'>lipsoideae</span> <span class='ocrx_word' id='word_1_152' title='bbox 1168 2680 1251 2755; x_wconf 89' lang='lat' dir='ltr'>in</span> <span class='ocrx_word' id='word_1_153' title='bbox 1299 2681 1548 2779; x_wconf 86' lang='lat' dir='ltr'>digito</span> <span class='ocrx_word' id='word_1_154' title='bbox 1589 2680 1713 2757; x_wconf 83' lang='lat' dir='ltr'>vel</span> <span class='ocrx_word' id='word_1_155' title='bbox 1768 2680 2101 2757; x_wconf 90' lang='lat' dir='ltr'>chartula</span> <span class='ocrx_word' id='word_1_156' title='bbox 2124 2680 2366 2783; x_wconf 55' lang='lat' dir='ltr'>Nsse</span> <span class='ocrx_word' id='word_1_157' title='bbox 2415 2679 2579 2759; x_wconf 81' lang='lat' dir='ltr'>dia·</span> 
     </span>
     <span class='ocr_line' id='line_1_24' title="bbox 667 2780 2575 2882; baseline 0.001 -25"><span class='ocrx_word' id='word_1_158' title='bbox 667 2799 922 2857; x_wconf 86' lang='lat' dir='ltr'>metro</span> <span class='ocrx_word' id='word_1_159' title='bbox 957 2780 1306 2873; x_wconf 78' lang='lat' dir='ltr'>flammae,</span> <span class='ocrx_word' id='word_1_160' title='bbox 1342 2782 1437 2857; x_wconf 88' lang='lat' dir='ltr'>ad</span> <span class='ocrx_word' id='word_1_161' title='bbox 1464 2780 1763 2882; x_wconf 89' lang='lat' dir='ltr'>pollicis</span> <span class='ocrx_word' id='word_1_162' title='bbox 1798 2800 2084 2857; x_wconf 87' lang='lat' dir='ltr'>tantum</span> <span class='ocrx_word' id='word_1_163' title='bbox 2118 2780 2575 2875; x_wconf 85' lang='lat' dir='ltr'>distantiam,</span> 
     </span>
     <span class='ocr_line' id='line_1_25' title="bbox 670 2878 2578 2982; baseline 0 -25"><span class='ocrx_word' id='word_1_164' title='bbox 670 2878 756 2957; x_wconf 74' lang='grc' dir='ltr'>δε.</span> <span class='ocrx_word' id='word_1_165' title='bbox 819 2878 1292 2981; x_wconf 87' lang='lat' dir='ltr'>apparebunt</span> <span class='ocrx_word' id='word_1_166' title='bbox 1367 2878 1749 2962; x_wconf 73' lang='lat' dir='ltr'>causticaez</span> <span class='ocrx_word' id='word_1_167' title='bbox 1823 2880 2082 2982; x_wconf 86' lang='lat' dir='ltr'>lapillo</span> <span class='ocrx_word' id='word_1_168' title='bbox 2136 2881 2263 2959; x_wconf 84' lang='lat' dir='ltr'>vel</span> <span class='ocrx_word' id='word_1_169' title='bbox 2316 2879 2578 2960; x_wconf 85' lang='lat' dir='ltr'>tantil-</span> 
     </span>
     <span class='ocr_line' id='line_1_26' title="bbox 666 2978 2579 3077; baseline 0.003 -22"><span class='ocrx_word' id='word_1_170' title='bbox 666 2978 826 3057; x_wconf 88' lang='lat' dir='ltr'>lum</span> <span class='ocrx_word' id='word_1_171' title='bbox 867 2978 1284 3059; x_wconf 73' lang='lat' dir='ltr'>subsidente</span> <span class='ocrx_word' id='word_1_172' title='bbox 1314 2982 1396 3057; x_wconf 89' lang='lat' dir='ltr'>in</span> <span class='ocrx_word' id='word_1_173' title='bbox 1438 2982 1635 3061; x_wconf 87' lang='lat' dir='ltr'>linea</span> <span class='ocrx_word' id='word_1_174' title='bbox 1676 2979 1835 3072; x_wconf 85' lang='lat' dir='ltr'>NS,</span> <span class='ocrx_word' id='word_1_175' title='bbox 1867 2985 1967 3059; x_wconf 75' lang='grc' dir='ltr'>τῶ</span> <span class='ocrx_word' id='word_1_176' title='bbox 2001 2982 2145 3059; x_wconf 70' lang='grc' dir='ltr'>’ΚΡ</span> <span class='ocrx_word' id='word_1_177' title='bbox 2232 2981 2579 3077; x_wconf 85' lang='lat' dir='ltr'>arallela,</span> 
     </span>
     <span class='ocr_line' id='line_1_27' title="bbox 664 3076 2577 3186; baseline 0.001 -29"><span class='ocrx_word' id='word_1_178' title='bbox 664 3081 877 3180; x_wconf 86' lang='lat' dir='ltr'>juxta</span> <span class='ocrx_word' id='word_1_179' title='bbox 924 3078 1025 3155; x_wconf 90' lang='lat' dir='ltr'><em>M</em></span> <span class='ocrx_word' id='word_1_180' title='bbox 1065 3076 1347 3159; x_wconf 82' lang='lat' dir='ltr'>orietur</span> <span class='ocrx_word' id='word_1_181' title='bbox 1400 3084 1602 3159; x_wconf 85' lang='lat' dir='ltr'>intra</span> <span class='ocrx_word' id='word_1_182' title='bbox 1649 3080 1953 3160; x_wconf 74' lang='lat' dir='ltr'>massam</span> <span class='ocrx_word' id='word_1_183' title='bbox 1990 3107 2150 3186; x_wconf 84' lang='lat' dir='ltr'>pun</span> <span class='ocrx_word' id='word_1_184' title='bbox 2228 3106 2358 3161; x_wconf 87' lang='lat' dir='ltr'>um</span> <span class='ocrx_word' id='word_1_185' title='bbox 2422 3081 2577 3159; x_wconf 86' lang='lat' dir='ltr'>ful-</span> 
     </span>
     <span class='ocr_line' id='line_1_28' title="bbox 667 3181 2579 3285; baseline 0.002 -30"><span class='ocrx_word' id='word_1_186' title='bbox 667 3182 935 3285; x_wconf 75' lang='lat' dir='ltr'>gidum</span> <span class='ocrx_word' id='word_1_187' title='bbox 996 3181 1150 3280; x_wconf 88' lang='lat' dir='ltr'>ejus</span> <span class='ocrx_word' id='word_1_188' title='bbox 1207 3182 1529 3275; x_wconf 90' lang='lat' dir='ltr'>coloris,</span> <span class='ocrx_word' id='word_1_189' title='bbox 1581 3184 1710 3284; x_wconf 91' lang='lat' dir='ltr'>qui</span> <span class='ocrx_word' id='word_1_190' title='bbox 1765 3183 1977 3263; x_wconf 86' lang='lat' dir='ltr'>illum</span> <span class='ocrx_word' id='word_1_191' title='bbox 2028 3182 2321 3276; x_wconf 85' lang='lat' dir='ltr'>tranfit,</span> <span class='ocrx_word' id='word_1_192' title='bbox 2376 3182 2476 3261; x_wconf 87' lang='lat' dir='ltr'>ad</span> <span class='ocrx_word' id='word_1_193' title='bbox 2511 3181 2579 3259; x_wconf 88' lang='grc'><em>0</em></span> 
     </span>
     <span class='ocr_line' id='line_1_29' title="bbox 673 3278 2576 3387; baseline 0.002 -29"><span class='ocrx_word' id='word_1_194' title='bbox 673 3301 860 3358; x_wconf 88' lang='lat' dir='ltr'>vero</span> <span class='ocrx_word' id='word_1_195' title='bbox 914 3278 1167 3359; x_wconf 89' lang='lat' dir='ltr'>album</span> <span class='ocrx_word' id='word_1_196' title='bbox 1230 3285 1314 3359; x_wconf 93' lang='lat' dir='ltr'>in</span> <span class='ocrx_word' id='word_1_197' title='bbox 1384 3282 1823 3387; x_wconf 85' lang='lat' dir='ltr'>superficie:</span> <span class='ocrx_word' id='word_1_198' title='bbox 1893 3284 2146 3385; x_wconf 88' lang='lat' dir='ltr'>paullo</span> <span class='ocrx_word' id='word_1_199' title='bbox 2204 3282 2576 3361; x_wconf 84' lang='lat' dir='ltr'>humilior</span> 
     </span>
     <span class='ocr_line' id='line_1_30' title="bbox 663 3382 2575 3489; baseline 0.003 -30"><span class='ocrx_word' id='word_1_200' title='bbox 663 3383 747 3459; x_wconf 83' lang='lat' dir='ltr'>in</span> <span class='ocrx_word' id='word_1_201' title='bbox 802 3382 1078 3461; x_wconf 86' lang='lat' dir='ltr'>eodem</span> <span class='ocrx_word' id='word_1_202' title='bbox 1143 3384 1468 3463; x_wconf 86' lang='lat' dir='ltr'>normali</span> <span class='ocrx_word' id='word_1_203' title='bbox 1541 3383 1825 3487; x_wconf 31' lang='lat' dir='ltr'>punsta,</span> <span class='ocrx_word' id='word_1_204' title='bbox 1881 3386 1963 3460; x_wconf 85' lang='lat' dir='ltr'>in</span> <span class='ocrx_word' id='word_1_205' title='bbox 2012 3385 2296 3489; x_wconf 82' lang='lat' dir='ltr'>figuras</span> <span class='ocrx_word' id='word_1_206' title='bbox 2350 3386 2575 3464; x_wconf 86' lang='lat' dir='ltr'>flam-</span> 
     </span>
     <span class='ocr_line' id='line_1_31' title="bbox 663 3483 2572 3581; baseline 0.002 -22"><span class='ocrx_word' id='word_1_207' title='bbox 663 3504 809 3561; x_wconf 85' lang='lat' dir='ltr'>mae</span> <span class='ocrx_word' id='word_1_208' title='bbox 857 3484 1171 3579; x_wconf 89' lang='lat' dir='ltr'>abeunt,</span> <span class='ocrx_word' id='word_1_209' title='bbox 1224 3483 1319 3563; x_wconf 87' lang='lat' dir='ltr'>ad</span> <span class='ocrx_word' id='word_1_210' title='bbox 1375 3484 1437 3563; x_wconf 91' lang='lat'><em>0</em></span> <span class='ocrx_word' id='word_1_211' title='bbox 1477 3488 1757 3579; x_wconf 84' lang='lat' dir='ltr'>albam,</span> <span class='ocrx_word' id='word_1_212' title='bbox 1838 3486 2263 3581; x_wconf 88' lang='lat' dir='ltr'>minorem,</span> <span class='ocrx_word' id='word_1_213' title='bbox 2351 3484 2572 3563; x_wconf 85' lang='lat' dir='ltr'>refle-</span> 
     </span>
     <span class='ocr_line' id='line_1_32' title="bbox 663 3584 2573 3689; baseline 0.001 -26"><span class='ocrx_word' id='word_1_214' title='bbox 663 3589 895 3677; x_wconf 78' lang='lat' dir='ltr'>xione</span> <span class='ocrx_word' id='word_1_215' title='bbox 947 3607 1238 3683; x_wconf 86' lang='lat' dir='ltr'>ortam,</span> <span class='ocrx_word' id='word_1_216' title='bbox 1289 3584 1385 3665; x_wconf 86' lang='lat' dir='ltr'>ad</span> <span class='ocrx_word' id='word_1_217' title='bbox 1432 3586 1533 3666; x_wconf 87' lang='lat' dir='ltr'><em>M</em></span> <span class='ocrx_word' id='word_1_218' title='bbox 1572 3611 1759 3665; x_wconf 87' lang='lat' dir='ltr'>vero</span> <span class='ocrx_word' id='word_1_219' title='bbox 1821 3586 2287 3689; x_wconf 70' lang='lat' dir='ltr'>coloratam,</span> <span class='ocrx_word' id='word_1_220' title='bbox 2331 3588 2573 3687; x_wconf 84' lang='lat' dir='ltr'>majo-</span> 
     </span>
    </p>

    <p class='ocr_par' dir='ltr' id='par_1_7' title="bbox 1004 3708 2564 3785">
     <span class='ocr_line' id='line_1_33' title="bbox 1004 3708 2564 3785; baseline -0.001 -18"><span class='ocrx_word' id='word_1_221' title='bbox 1004 3722 1010 3731; x_wconf 96' lang='lat'><em>·</em></span> <span class='ocrx_word' id='word_1_222' title='bbox 1922 3728 1925 3731; x_wconf 38' lang='lat'><strong>⁴</strong></span> <span class='ocrx_word' id='word_1_223' title='bbox 2362 3708 2564 3785; x_wconf 84' lang='lat' dir='ltr'>rem,</span> 
     </span>
    </p>
   </div>
   <div class='ocr_carea' id='block_1_7' title="bbox 619 3836 2150 3942">
    <p class='ocr_par' dir='ltr' id='par_1_8' title="bbox 619 3836 2150 3942">
     <span class='ocr_line' id='line_1_34' title="bbox 619 3836 2150 3942; baseline 0.001 -33"><span class='ocrx_word' id='word_1_224' title='bbox 619 3850 632 3942; x_wconf 30' lang='grc' dir='ltr'>ζ</span> <span class='ocrx_word' id='word_1_225' title='bbox 750 3841 822 3925; x_wconf 76' lang='lat' dir='ltr'>h&gt;</span> <span class='ocrx_word' id='word_1_226' title='bbox 865 3838 1052 3912; x_wconf 84' lang='lat' dir='ltr'>Conf.</span> <span class='ocrx_word' id='word_1_227' title='bbox 1095 3848 1447 3908; x_wconf 68' lang='lat' dir='ltr'>Rostrum</span> <span class='ocrx_word' id='word_1_228' title='bbox 1484 3836 1725 3926; x_wconf 70' lang='lat' dir='ltr'>nnntyfi·</span> <span class='ocrx_word' id='word_1_229' title='bbox 1761 3836 2150 3911; x_wconf 76' lang='lat' dir='ltr'>infinitorum.</span> 
     </span>
    </p>
   </div>
  </div>
 </body>
</html>
