2760 4749
597 355 701 450 14
971 335 1094 422 De
1135 333 1449 450 formis
1510 333 2127 455 Crystallorum.

586 549 812 628 teostis
849 548 993 626 basi
1029 547 1403 652 parallelis
1440 548 1798 652 impletur
1850 549 2007 655 (fig.
2052 553 2196 640 12).
2277 545 2483 626 Vfdi·

584 657 810 728 etiam
861 653 1221 753 prismata
1277 657 1501 729 nivea
1548 655 1996 756 hexangula.
2097 651 2245 730 Sed
2304 654 2465 729 haec

581 756 660 830 in
707 755 1158 830 transcursu.

727 963 1139 1044 chmus
1183 963 1330 1065 jam
1385 965 1465 1042 in
1512 965 1847 1063 ·atomi3‚
1915 965 2041 1066 qui
2093 965 2467 1069 crystalli-

577 1091 756 1144 nam
807 1067 1133 1144 formam
1182 1067 1485 1168 poffunt
1532 1070 1931 1157 conficere,
1991 1068 2469 1145 tendentiarn

579 1171 676 1244 ad
727 1169 1202 1270 procreanda
1247 1169 1409 1260 fila,
1464 1171 1727 1268 hisque
1790 1168 2114 1245 inditum·
2171 1169 2463 1259 nisum,

579 1294 735 1368 quo
782 1267 914 1344 fibi
968 1272 1299 1345 invicem
1345 1269 1784 1372 adfiguntur
1819 1269 2203 1367 aequaliter
2250 1271 2464 1342 incli-

579 1393 799 1462 nata,
866 1369 946 1447 ὃς
1007 1369 1451 1444 habebimus
1522 1393 1676 1445 tam
1736 1372 2148 1472 triangula,
2228 1393 2459 1468 quam

579 1471 721 1547 illis
775 1471 1224 1570 compofitas
1273 1475 1734 1571 pyramides,
1788 1469 1914 1545 etfi
2025 1473 2217 1545 rima
2280 1469 2459 1546 soli-

575 1570 675 1647 da
698 1570 1010 1647 stamina
1049 1569 1545 1658 determinata
1579 1592 1923 1646 carerent
2000 1595 2209 1673 gnra.
2304 1575 2461 1646 An·

573 1675 766 1776 gulis
813 1673 1322 1747 inclinationis
1358 1670 1904 1762 differentibuS,
1946 1672 2024 1747 &
2060 1672 2459 1772 triangula,

575 1777 657 1852 δι
707 1773 1142 1875 pyramides
1208 1773 1655 1864 variabunt,
1734 1774 1815 1848 δι
1890 1773 2071 1846 hinc
2137 1771 2457 1848 diversae

571 1873 1096 1976 crystallorum
1145 1871 1416 1948 formae
1463 1874 1907 1971 prodibunt,
1956 1896 2120 1971 quae
2160 1875 2455 1976 angulis

573 1977 768 2050 datis
839 1977 1310 2050 Geometriae
1375 1998 1525 2075 ope
1601 1975 2173 2074 quodammodo
2241 1977 2456 2066 inda<-

573 2080 742 2180 gari
797 2074 1115 2178 pofl'ent.
1692 2117 1701 2122 -
2056 2109 2063 2115 ·

725 2278 1114 2352 Durucssm
1142 2275 1499 2354 haflenus
1532 2274 1917 2379 posuimus
1958 2275 2455 2370 tendentiam,

567 2404 799 2479 quum
853 2379 1132 2479 duplex
1187 2383 1532 2455 videatu'r
1586 2379 1933 2462 eskilus,
1984 2378 2111 2453 sed
2166 2379 2450 2453 horum

563 2501 880 2579 uterque
949 2485 1099 2557 fine
1177 2480 1408 2556 dubio
1475 2482 1723 2557 eidem
1801 2480 2113 2555 debetur
2167 2479 2452 2572 causae,

565 2582 1101 2683 particularum
1155 2606 1429 2681 nempe
1484 2600 1758 2655 mutuae
1797 2579 2245 2671 attraffioni‚
2284 2606 2451 2677 quae

564 2708 714 2784 pro
771 2705 1198 2759 atomorum
1256 2684 1472 2759 vario
1525 2682 1655 2755 fitu
1718 2681 1797 2755 &
1844 2681 2200 2780 peculiari
2250 2678 2453 2781 figu-

565 2808 652 2857 ra
701 2785 854 2881 jam
929 2782 1236 2857 eosdem
1310 2782 1573 2859 filatim
1639 2778 2030 2880 disponit,
2100 2780 2249 2878 jam
2322 2782 2451 2857 fila

563 2904 732 2957 orta
779 2885 1160 2980 aequaliter
1206 2884 1555 2958 inclinata
1611 2875 2013 2957 connestit.
2093 2879 2449 2956 Elemen-

563 2984 656 3067 tis
719 2984 1183 3059 mechanicis
1249 2983 1829 3057 determinatam
1904 2984 1983 3058 &
2047 2984 2446 3082 propriam

559 3082 816 3159 tribuo
865 3078 1212 3186 figuram,
1267 3109 1495 3182 quum
1548 3086 1723 3159 alias
1776 3081 2098 3165 nesciam
2152 3107 2283 3157 cur
2326 3106 2447 3160 ea-

562 3184 740 3259 dem
800 3186 1009 3261 causa
1081 3207 1317 3259 certas
1388 3189 1733 3261 materias
1802 3186 1899 3259 ad
1963 3186 2212 3286 hunc,
2267 3186 2447 3260 alias

561 3284 664 3359 ad'
715 3284 1097 3378 divers03‚
1159 3282 1582 3362 constantes
1639 3306 1893 3360 tamen
1946 3284 2290 3389 angulos,
2336 3286 2445 3359 di-

560 3406 791 3487 gerat.
840 3386 1200 3462 Ceterum
1264 3386 1459 3461 hanc
1510 3386 2051 3483 conjezsturam,
2095 3384 2216 3461 etfi
2250 3386 2447 3461 mihi

557 3486 1061 3588 probabilem,
1091 3488 1399 3563 ulterius
1418 3484 1999 3563 examinandam
2026 3508 2236 3587 pum,
2266 3513 2445 3577 nam

561 3586 822 3662 refinae
859 3590 1153 3688 pulvis,
1206 3592 1333 3687 qui
1377 3614 1535 3663 non
1586 3585 1831 3691 potest
1891 3613 2051 3662 non
2106 3586 2443 3662 molecu-

557 3688 662 3766 las
709 3678 1051 3790 pr'aebere
1090 3689 1577 3769 multifariam
1632 3686 1802 3765 casu
1850 3688 2442 3865 figurataS,stele·

1536 3818 1569 3847 .·
2311 3811 2440 3865 ro-
