2760 4749
624 323 749 413 De
808 325 1167 415 Mineris
1200 325 1429 441 ftrri
1487 329 1714 420 albis.
1989 363 2142 424 211

256 559 599 616 numerae
639 544 982 618 oriuntur
1022 541 1340 639 bullulae,
1376 571 1541 643 quae
1573 545 1903 622 colleg’cae
1939 548 2148 624 flam·
2259 566 2266 576 “

253 665 384 716 ma
443 643 751 718 accendi
823 642 1147 744 possunt.
1256 647 1499 721 Ferro
1571 647 1852 722 tardius
1927 649 2177 726 solvi·-

254 761 421 830 tur‚
475 741 557 818 &
610 742 799 844 spon
862 749 1006 820 iam
1068 745 1426 844 relinquit
1461 748 1760 849 nigram
1811 748 2148 845 ejusdem

249 841 523 943 figurae
569 868 652 919 ac
701 771 1007 920 frifffum
1061 847 1534 922 metallicum.
1642 847 1868 924 Odor
1930 849 2150 924 senti·

253 962 379 1017 tur
435 942 544 1017 illi
614 943 911 1036 similis,
976 971 1201 1043 quem
1271 972 1443 1022 cum
1500 948 1708 1023 ferro
1777 970 2150 1046 provocat

250 1041 552 1118 acidum
639 1045 1138 1122 muriaticam«
1269 1048 1558 1123 Solutio
1633 1047 1857 1123 instar
1945 1075 2152 1149 aquae

248 1167 464 1244 purae
525 1145 733 1220 nullo
782 1145 1256 1249 distinguitur
1322 1150 1624 1240 colore,
1700 1150 2152 1250 vaporando

250 1243 625 1321 com-stata
686 1243 1073 1348 crystallos
1137 1249 1453 1346 deponit
1527 1250 1748 1326 valde
1817 1275 2150 1343 amaraS,

251 1343 679 1443 spathosas,
746 1348 978 1432 claras
1032 1351 1123 1446 &v
1164 1349 1402 1424 tinE’cu
1439 1372 1815 1442 carente3‚
1852 1349 1975 1426 sed
2027 1350 2151 1428 ad-

254 1444 419 1520 dito
472 1445 618 1521 sale
664 1447 1003 1548 alkalino·
1040 1447 1287 1527 album
1343 1448 1674 1526 demittit
1727 1455 2148 1552 praecipita-

250 1565 414 1620 tum
450 1599 469 1634 ,
524 1547 729 1646 quod
782 1567 999 1624 antea
1030 1545 1158 1624 sub
1213 1554 1526 1626 nomine
1575 1551 1796 1626 calcis
1847 1577 2152 1655 magne-

248 1645 337 1820 fi}
405 1649 588 1722 albae
666 1658 1311 1742 memoravimus»,
1392 1651 1548 1748 jam
1631 1654 1946 1728 curatius
2017 1675 2152 1726 ex-

247 1770 304 1847 p
340 1749 741 1824 orandum.
1701 1792 1708 1798 ·

408 1893 641 1993 Qon
698 1891 861 1969 haec
912 1889 1081 1968 calx
1116 1889 1313 1985 alba,
1342 1891 1472 1969 'vel
1523 1893 1818 1988 restim,
1847 1897 2151 1998 ''magnei-

222 1991 417 2092 stum
466 2005 781 2068 aeratam
830 1990 1093 2085 album,
1156 2020 1313 2069 non
1368 1995 1452 2069 fit
1502 1997 1886 2101 phlogisto
1937 1997 2152 2073 satia-

250 2115 417 2170 tum
459 2091 679 2170 facile
711 2094 985 2184 elucet,
1042 2119 1215 2170 nam
1268 2093 1606 2198 regulina
1638 2119 1834 2172 caret
1863 2095 2150 2188 forma,

251 2195 339 2270 &
396 2195 579 2294 quin
640 2195 1103 2299 magnefium
1164 2201 1589 2297 regulinurn
1650 2195 1780 2272 sub
1856 2197 2154 2273 solutio-

251 2319 353 2373 ne
426 2296 983 2372 infiammabilis
1050 2299 1409 2397 principii
1475 2301 2151 2399 portione-prive-

248 2418 419 2489 tur,
457 2422 551 2481 eo
592 2396 841 2473 minus
890 2400 969 2471 in
1019 2398 1331 2473 dubium
1380 2402 1640 2472 vocari
1685 2398 1962 2495 potest,
1998 2424 2152 2498 quo

253 2504 526 2591 certius
580 2497 905 2589 constat,
964 2508 1217 2573 aerem
1274 2500 1442 2572 heic
1495 2500 1812 2597 prodire
1861 2500 2154 2575 inflam-

250 2599 623 2675 mabilem.
730 2598 1049 2675 Interim
1109 2620 1358 2673 tamen
1413 2598 1574 2672 haec
1628 2601 1794 2675 calx
1861 2620 2154 2675 tantum

250 2698 562 2799 praecise
616 2701 946 2792 retinet,
1001 2719 1409 2797 quantum,
1463 2720 1542 2773 ut
1590 2702 1820 2775 acidis
1872 2699 2150 2776 solubi-

248 2804 341 2875 lis
393 2799 527 2890 fit,
592 2800 1043 2899 requiritur'‚
1096 2799 1422 2897 ideoque
1498 2800 1646 2875 hoc
1717 2826 1920 2901 penu
1985 2797 2152 2876 fere

253 2900 617 2977 exhausto
676 2925 814 3001 per
866 2898 1468 2976 candescenriam
1519 2904 1591 2975 in
1643 2912 1811 2977 a'ere
1859 2901 2150 2993 libero,

252 3003 381 3077 illa
435 3003 791 3103 nigrescit
855 3004 935 3077 ὅτ,
991 3002 1329 3079 indolem
1391 3001 1611 3076 calcis
1664 3004 1926 3105 nigrae,
1962 3026 2150 3077 mox

255 3102 864 3194 considerandae,
913 3101 1178 3177 induit.
1288 3100 1489 3175 Heic
1559 3125 1859 3201 notetur
1912 3127 2150 3203 opor-

254 3224 397 3295 tet,
447 3204 657 3301 quod
709 3202 976 3279 solutio
1062 3202 1422 3305 magnefii
1479 3204 1793 3279 multum
1868 3202 2152 3301 diluta,

255 3308 603 3403 quamvis
654 3304 875 3381 alkali
930 3315 1185 3379 aerato
1248 3305 1500 3380 album
1553 3306 1907 3380 exhibeat
1958 3326 2149 3405 prae·

253 3406 701 3504 cipitatum,
771 3404 1089 3481 caustico
1176 3426 1433 3481 tamen
1500 3407 1623 3481 vel
1700 3404 1942 3480 statim
2021 3404 2151 3499 det

253 3505 590 3597 fuscum,
638 3506 761 3581 vel
810 3505 985 3582 dein
1040 3507 1189 3581 cito
1239 3509 1317 3579 in
1354 3517 1527 3581 aere
1579 3526 1844 3605 aperto
1898 3506 2150 3607 nigre·

253 3607 487 3688 scens,
596 3608 821 3683 Ratio
871 3609 1031 3683 haec
1100 3606 1236 3679 est:
1298 3606 1519 3681 alkali
1577 3618 1908 3683 aetatum
1967 3604 2152 3680 calci

252 3708 645 3785 decidenti
693 3708 987 3786 acidum
1041 3718 1333 3883 agreum
1389 3709 1760 3816 po1jrigit²
1809 3707 2014 3806 quod
2070 3703 2151 3777 δε

1161 3842 1171 3852 .
1212 3829 1255 3883 2
1959 3827 2151 3902 pon..
