2760 4749
624 393 787 480 270
1304 356 1432 448 De
1487 357 1854 448 Niccolo.

610 573 775 655 fusa
854 572 1201 654 eamdem
1256 573 1844 678 hyacinthinam
1895 571 2094 653 facit.
2221 575 2546 678 Capram

612 705 785 756 cum
844 680 1145 755 niccolo
1219 675 1592 778 deputato
1672 673 1978 778 segnius
2055 681 2254 770 coit,
2327 707 2542 781 prae-

607 777 799 858 bens
862 777 1168 858 malfam
1236 777 1692 855 metallicam
1761 777 2314 870 rubicundam,
2389 781 2544 857 du·

610 881 910 968 ffllem,
972 906 1143 980 quae
1194 880 1552 956 boracem
1618 877 2042 980 sangvineo
2087 881 2542 984 hyacinthi·

607 1009 715 1060 no
771 984 1028 1060 colore
1079 981 1344 1058 infic’it.
1449 979 1649 1058 Curn
1706 983 1948 1076 stanni
2012 984 2318 1082 aequali,
2391 980 2538 1059 vel

606 1089 835 1162 etiam
892 1083 1172 1183 majori
1225 1081 1478 1178 mole,
1535 1107 1694 1157 non
1773 1081 1907 1158 nifi
1983 1082 2278 1188 fragilis
2364 1088 2538 1160 ori·

604 1209 729 1265 tur
784 1189 1161 1284 mixtura,
1212 1209 1364 1284 quo
1423 1185 1648 1260 etiam
1715 1183 2094 1260 niccolum
2169 1212 2208 1262 a
2264 1187 2536 1262 cobal.

611 1309 696 1365 to
775 1287 1058 1365 differt.
1168 1289 1367 1362 Cum
1418 1285 1780 1360 Mercurio
1839 1289 2003 1360 vivo
2050 1285 2234 1362 illud
2305 1291 2538 1364 tritu-

603 1390 902 1466 ratione
971 1388 1445 1491 conjungere
1544 1410 1702 1460 non
1777 1388 2188 1487 potuimus.
2309 1389 2530 1467 Cum

600 1495 799 1566 zinco
854 1487 1318 1588 colliquescit
1387 1487 1766 1562 niccolum
1845 1487 2348 1589 depuratum,
2429 1492 2532 1570 δι

600 1591 953 1696 fragilem
1004 1591 1313 1667 exhibet
1366 1587 2028 1689 compositionem.

755 1759 1067 1836 Domum
1118 1759 1271 1859 jam
1328 1760 1576 1836 videri
1627 1755 1872 1861 poiset
1903 1816 1926 1850 ‚
1980 1775 2217 1835 utrum
2290 1755 2522 1835 dueli-

597 1853 780 1936 libus
798 1917 821 1950 ,
863 1887 960 1953 (m
1009 1886 1168 1938 vero
1209 1860 1610 1962 fragilibus
1669 1857 2016 1954 metallis,
2095 1863 2522 1936 adnumera-

594 1963 667 2034 ri
714 1959 954 2036 debeat
1009 1962 1366 2036 niccolum.
1507 1961 1824 2038 Ferrum
1888 1961 2133 2038 fusum
2207 1963 2524 2064 semper

548 2081 556 2087 ·
596 2059 758 2138 fere
786 2058 1052 2166 fragile
1083 2059 1211 2154 est,
1253 2062 1594 2164 adeoque
1626 2063 1958 2161 ejusdem
1997 2089 2163 2139 cum
2208 2065 2521 2141 niccolo

595 2161 973 2240 duffilitas
1026 2186 1287 2240 notatu
1338 2163 1441 2240 est
1492 2165 1914 2269 digniffima
1967 2165 2057 2268 (§.
2112 2166 2271 2266 XI).

752 2333 863 2426 D)
910 2332 1327 2413 NtccotuM
1378 2331 1826 2439 depuratum
1905 2335 2306 2437 aegerrime
2370 2331 2520 2411 cal·

586 2439 872 2514 cinatur
922 2437 1295 2513 methodo
1350 2438 1743 2514 ordinaria
1798 2436 1930 2514 sub
1976 2438 2275 2517 fornice
2347 2436 2514 2513 fur-

588 2540 671 2615 ni
718 2536 1221 2619 docimastici.
1280 2539 1359 2615 ὅτ.
1413 2540 1754 2615 colorem
1815 2564 1973 2615 non
2023 2538 2156 2615 nifi
2209 2536 2509 2615 fuscum

586 2641 908 2740 accipit,
967 2636 1350 2716 mediante
1412 2663 1660 2715 autem
1721 2642 1927 2717 nitro
1965 2641 2226 2717 melius
2281 2641 2514 2741 phlo-

588 2738 784 2844 gisto
835 2742 1173 2839 privatur
1248 2742 1329 2818 &
1394 2742 1853 2832 viriditatem
1930 2741 2192 2821 induit.
2307 2741 2508 2817 Calx

582 2839 959 2917 metallica
1059 2841 1336 2921 bor-ace
1428 2842 1832 2921 vitrificata
1913 2840 2504 2945 hyacinthinam

582 2941 849 3043 prodit
906 2941 1355 3040 tinsturam‚
1411 2968 1576 3045 quae
1633 2968 1886 3020 tamen
1918 3000 1942 3047 2
2020 2945 2074 3021 fi
2122 2966 2162 3021 e
2227 2944 2506 3045 regulo

487 3108 491 3120 .
577 3068 849 3143 parum
904 3042 1270 3144 deputato
1325 3069 1535 3137 orta,
1590 3044 1954 3123 diuturno
2006 3046 2189 3149 igne
2220 3068 2506 3121 evane-

577 3143 756 3237 scit,
805 3145 1013 3221 vitro
1074 3144 1398 3229 restante
1451 3150 1667 3224 omni
1724 3148 1985 3224 colore
2037 3146 2358 3239 orbam,
2416 3146 2502 3224 &

579 3247 788 3322 nitro
848 3245 1113 3323 addito
1188 3274 1347 3323 non
1436 3246 1570 3324 nifi
1626 3247 1897 3326 debilis
1981 3248 2502 3347 caeruleusque

573 3346 849 3425 tinans
904 3346 1186 3449 prodit.
1264 3347 1459 3425 Calx
1545 3352 1789 3452 reguli
1857 3351 2052 3427 bene
2143 3348 2503 3451 depurati

524 3451 920 3545 -colorem
1003 3446 1292 3549 praebet
1391 3456 1788 3554 aegerrime
1876 3450 2496 3529 evanescentem.

577 3553 724 3629 Sali
780 3549 1367 3629 microcosmico
1404 3554 1571 3629 calx
1623 3554 1992 3631 niccolina
2049 3554 2496 3655 hyacinthi-

575 3678 761 3730 num
822 3652 1088 3729 itidem
1153 3654 1497 3755 impertit
1559 3654 1946 3749 colorem,
2013 3656 2142 3755 qui
2197 3652 2498 3731 diutina

572 3754 861 3832 fufione
937 3756 1017 3829 in
1072 3756 1405 3834 carbone
1479 3756 1856 3833 debilitari
1925 3758 2238 3857 quidem
2312 3776 2496 3931 poa·

2045 3895 2056 3909 =
2378 3880 2418 3933 e
