2760 4749
539 311 654 413 78
989 293 1116 388 De
1169 315 1389 385 terra
1450 295 2017 390 Gemmarum.

537 509 858 612 triplex,
909 508 1146 614 vulgo
1199 507 1814 591 microcosmicus
1860 510 2105 606 audit,
2156 509 2291 590 sub
2320 509 2447 594 fu·

537 613 746 691 sione
795 617 876 691 in
922 616 1250 690 car-bone
1299 611 1525 690 alkali
1579 613 1882 691 volatile
1944 616 2292 708 mittenS,
2364 643 2441 694 a·

537 713 688 792 deo
745 736 824 791 ut
871 713 1063 790 acidi
1125 716 1388 818 portio
1454 714 1729 793 eodem
1788 733 2005 794 antea
2063 713 2443 807 saturata,

535 817 808 892 evadat
854 815 1130 907 libera,
1185 815 1510 915 ideoque
1556 815 1819 892 melius
1877 813 2088 892 suum
2142 818 2223 894 in
2293 819 2440 896 alia

513 940 867 1023 ‚corpora
917 914 1202 992 exserat
1255 913 1633 994 effectum.
1735 915 1993 992 Alkali
2042 916 2251 1021 eligo
2289 921 2440 994 mi-

534 1018 792 1093 nerale
868 1019 1163 1116 optime
1242 1017 1732 1116 depuratum:
1812 1041 1909 1094 ve
1971 1020 2243 1096 etabile
2328 1019 2435 1096 ob

415 1118 420 1127 “
532 1118 740 1194 suam
818 1112 1477 1215 deliquescentiam
1558 1120 1805 1196 minus
1869 1119 1895 1194 i
1953 1143 2235 1197 oneum
2304 1119 2433 1200 est.

529 1216 891 1296 Tandem
943 1218 1220 1296 borace
1297 1238 1519 1309 utor,
1593 1238 1973 1318 tamquam
2052 1220 2199 1297 sale
2269 1217 2433 1296 fere

533 1318 901 1412 neutrali,
982 1314 1186 1414 cujus
1241 1337 1643 1417 utrumque
1714 1313 2179 1422 principium
2244 1347 2433 1438 pro-

531 1424 826 1496 ximum
872 1419 954 1497 &
1005 1421 1187 1520 igne
1238 1417 1593 1519 persistit,
1638 1421 1718 1497 δε
1768 1421 2013 1497 valide
2051 1423 2429 1500 vitrificat.

677 1521 979 1597 HoRuM
1031 1520 1292 1599 salium
1338 1523 1434 1595 in·
1474 1541 1815 1622 gemmas
1860 1526 2147 1598 tentavi
2194 1527 2428 1602 vires,
2538 1599 2547 1608 ,

528 1621 662 1698 Sal
712 1623 1250 1722 microcosmicus
1315 1620 1615 1696 easdem
1688 1617 2086 1699 difficulter
2154 1624 2433 1726 adgre-

529 1723 735 1800 ditur
765 1774 790 1816 ‚
868 1720 1096 1800 solvit
1148 1743 1401 1798 tamen
1430 1777 1454 1812 ‚
1544 1725 1888 1820 quamvis
1939 1723 2199 1818 tarde,
2249 1725 2431 1800 infi-

525 1827 852 1928 gnisque
900 1847 1046 1921 qua
1092 1823 1567 1898 adamantem
1608 1845 1793 1897 mox
1844 1824 1924 1900 in
1980 1825 2245 1902 oculos
2302 1848 2430 1902 ca·

525 1927 642 2000 dit
699 1923 1165 2014 differentia,
1209 1922 1360 2018 ejus
1412 1924 1620 1998 enim
1677 1925 1909 2016 mica,
1989 1927 2109 2000 vel
2146 1959 2156 1972 ·
2191 1925 2431 2002 subti-

525 2022 830 2098 liffimus
882 2023 1168 2123 pulvis,
1223 2020 1538 2123 globulo
1597 2021 1757 2098 salis
1810 2023 1945 2100 fufi
1998 2025 2429 2120 immersuS‚

525 2123 658 2202 sub
708 2122 996 2214 fusione
1047 2121 1289 2198 statim
1337 2142 1624 2214 enatat,
1674 2124 1753 2198 in
1807 2122 2201 2224 superficie
2265 2125 2429 2204 hae-

523 2247 689 2318 ret,
738 2215 960 2301 initio
1003 2221 1314 2299 bullulas
1351 2223 1636 2324 ,segnes
1671 2224 1751 2300 δε
1802 2246 2007 2302 raras
2042 2229 2429 2316 emittens,

522 2353 693 2428 quae
767 2347 1022 2403 tamen
1107 2325 1555 2426 operatione
1634 2325 2013 2424 protracta
2094 2330 2428 2406 omnino

523 2428 847 2507 cessant:
902 2427 1227 2502 flammae
1281 2426 1493 2525 apice
1560 2425 1859 2524 pulveri
1931 2432 2426 2527 pertinaciter

519 2531 904 2632 applicato
955 2526 1220 2602 senfim
1275 2526 1582 2624 quidem
1636 2528 1994 2604 minuitur
2041 2528 2209 2621 hic,
2286 2529 2426 2606 sed

521 2656 670 2729 qua
720 2650 1013 2729 partem
1067 2629 1247 2729 igne
1307 2626 1770 2702 consumitur
1803 2683 1829 2725 ‚
1908 2652 2055 2727 qua
2118 2652 2427 2731 partem

519 2732 702 2805 flatu
737 2726 1165 2827 diffipatur,
1221 2727 1301 2803 δε
1333 2750 1479 2824 qua
1530 2727 1895 2803 reliduam
1924 2784 1946 2821 ,
1997 2729 2427 2809 admodum

519 2850 874 2930 parvam,
932 2828 1132 2903 forte
1183 2825 1512 2909 solvitur.
1639 2828 2127 2927 Reliquarum
2200 2856 2427 2936 gem-

519 2947 814 3005 'marum
867 2929 1254 3003 moleculae
1301 2926 1455 3003 fine
1506 2924 2081 3007 effervescentia
2108 2932 2425 3025 intrant,

353 3054 366 3067 ‘
443 3121 446 3126 ¹
515 3031 719 3105 intra
771 3027 997 3105 salem
1052 3025 1293 3105 fusum
1346 3050 1697 3122 manent,
1747 3033 2093 3109 celeriter
2124 3054 2427 3134 gyrant

515 3131 601 3207 δι
647 3128 1116 3231 pedetentim
1163 3127 1701 3229 suscipiuntur,
1744 3134 2022 3208 vitreos
2068 3135 2430 3234 praeben·

513 3252 630 3323 tes
719 3229 1071 3335 globulos
1121 3228 1525 3329 -hyalinoS,
1597 3228 1731 3305 nifi
1784 3232 2138 3311 coloratae
2166 3240 2198 3323 ,’
2244 3261 2427 3333 qua-.-

515 3334 903 3413 interdum
975 3329 1339 3406 exhibent
1419 3329 1867 3407 virescentes
1899 3387 1919 3422 ‚
1988 3335 2425 3435 praesertim

513 3430 870 3536 quamdiu
930 3430 1194 3508 calent.
1300 3432 1588 3529 Majori
1651 3434 1896 3531 itaque
1968 3436 2424 3516 atu-afflone

515 3538 636 3612 hae
711 3533 956 3611 eidem
1026 3530 1495 3633 adfiguntur,
1566 3555 1792 3631 quam
1858 3533 2195 3633 adamaS,
2280 3545 2423 3641 qui

509 3634 954 3740 repulsionis
995 3634 1361 3713 monstrat
1414 3634 1769 3737 speciem.

2244 3743 2418 3827 Ar.-
