<?xml version="1.0" encoding="UTF-8"?>
<!DOCTYPE html PUBLIC "-//W3C//DTD XHTML 1.0 Transitional//EN"
    "http://www.w3.org/TR/xhtml1/DTD/xhtml1-transitional.dtd">
<html xmlns="http://www.w3.org/1999/xhtml" xml:lang="en" lang="en">
 <head>
  <title>
</title>
<meta http-equiv="Content-Type" content="text/html;charset=utf-8" />
  <meta name='ocr-system' content='tesseract 3.04.00' />
  <meta name='ocr-capabilities' content='ocr_page ocr_carea ocr_par ocr_line ocrx_word'/>
</head>
<body>
  <div class='ocr_page' id='page_1' title='image "./opusculaphysica04berggoog/opusculaphysica04berggoog_0434.png"; bbox 0 0 2760 4749; ppageno 0'>
   <div class='ocr_carea' id='block_1_1' title="bbox 651 282 2423 453">
    <p class='ocr_par' dir='ltr' id='par_1_1' title="bbox 651 282 2423 453">
     <span class='ocr_line' id='line_1_1' title="bbox 651 282 2423 453; baseline 0 -27"><span class='ocrx_word' id='word_1_1' title='bbox 651 366 820 453; x_wconf 81' lang='lat'>434</span> <span class='ocrx_word' id='word_1_2' title='bbox 878 336 1004 425; x_wconf 89' lang='lat' dir='ltr'>De</span> <span class='ocrx_word' id='word_1_3' title='bbox 1031 339 1543 426; x_wconf 66' lang='lat' dir='ltr'>minearum</span> <span class='ocrx_word' id='word_1_4' title='bbox 1568 282 2025 441; x_wconf 64' lang='lat' dir='ltr'>Docirtiafia</span> <span class='ocrx_word' id='word_1_5' title='bbox 2054 332 2423 429; x_wconf 78' lang='lat' dir='ltr'>humida.</span> 
     </span>
    </p>
   </div>
   <div class='ocr_carea' id='block_1_2' title="bbox 651 546 2555 1153">
    <p class='ocr_par' dir='ltr' id='par_1_2' title="bbox 651 546 2555 1153">
     <span class='ocr_line' id='line_1_2' title="bbox 653 546 2553 655; baseline -0.003 -25"><span class='ocrx_word' id='word_1_6' title='bbox 653 550 1236 655; x_wconf 87' lang='lat' dir='ltr'>sulphureorum</span> <span class='ocrx_word' id='word_1_7' title='bbox 1281 550 1602 625; x_wconf 86' lang='lat' dir='ltr'>veniunt</span> <span class='ocrx_word' id='word_1_8' title='bbox 1647 552 1998 645; x_wconf 87' lang='lat' dir='ltr'>nomine,</span> <span class='ocrx_word' id='word_1_9' title='bbox 2049 573 2285 651; x_wconf 88' lang='lat' dir='ltr'>quum</span> <span class='ocrx_word' id='word_1_10' title='bbox 2330 546 2425 626; x_wconf 88' lang='lat' dir='ltr'>ab</span> <span class='ocrx_word' id='word_1_11' title='bbox 2474 546 2553 625; x_wconf 74' lang='lat' dir='ltr'>il·</span> 
     </span>
     <span class='ocr_line' id='line_1_3' title="bbox 651 646 2555 751; baseline -0.002 -22"><span class='ocrx_word' id='word_1_12' title='bbox 651 652 746 729; x_wconf 89' lang='lat' dir='ltr'>lis</span> <span class='ocrx_word' id='word_1_13' title='bbox 803 675 963 729; x_wconf 87' lang='lat' dir='ltr'>non</span> <span class='ocrx_word' id='word_1_14' title='bbox 1019 650 1153 729; x_wconf 84' lang='lat' dir='ltr'>nifi</span> <span class='ocrx_word' id='word_1_15' title='bbox 1203 646 1516 751; x_wconf 85' lang='lat' dir='ltr'>sulphur</span> <span class='ocrx_word' id='word_1_16' title='bbox 1567 649 1949 747; x_wconf 75' lang='lat' dir='ltr'>eliciatur,</span> <span class='ocrx_word' id='word_1_17' title='bbox 1994 674 2171 729; x_wconf 87' lang='lat' dir='ltr'>nam</span> <span class='ocrx_word' id='word_1_18' title='bbox 2218 649 2347 728; x_wconf 88' lang='lat' dir='ltr'>etfi</span> <span class='ocrx_word' id='word_1_19' title='bbox 2378 674 2555 727; x_wconf 90' lang='lat' dir='ltr'>con-</span> 
     </span>
     <span class='ocr_line' id='line_1_4' title="bbox 651 749 2555 853; baseline -0.002 -23"><span class='ocrx_word' id='word_1_20' title='bbox 651 754 942 832; x_wconf 87' lang='lat' dir='ltr'>tineant</span> <span class='ocrx_word' id='word_1_21' title='bbox 1005 750 1194 853; x_wconf 82' lang='lat' dir='ltr'>saepe</span> <span class='ocrx_word' id='word_1_22' title='bbox 1264 770 1556 826; x_wconf 87' lang='lat' dir='ltr'>tantum</span> <span class='ocrx_word' id='word_1_23' title='bbox 1634 749 1965 845; x_wconf 87' lang='lat' dir='ltr'>metalli,</span> <span class='ocrx_word' id='word_1_24' title='bbox 2028 770 2117 827; x_wconf 88' lang='lat' dir='ltr'>ut</span> <span class='ocrx_word' id='word_1_25' title='bbox 2180 751 2555 853; x_wconf 85' lang='lat' dir='ltr'>impensas</span> 
     </span>
     <span class='ocr_line' id='line_1_5' title="bbox 655 849 2555 953; baseline -0.001 -24"><span class='ocrx_word' id='word_1_26' title='bbox 655 854 1136 953; x_wconf 86' lang='lat' dir='ltr'>eliquationis</span> <span class='ocrx_word' id='word_1_27' title='bbox 1214 849 1508 944; x_wconf 87' lang='lat' dir='ltr'>ferant,</span> <span class='ocrx_word' id='word_1_28' title='bbox 1585 851 1967 928; x_wconf 84' lang='lat' dir='ltr'>metallum</span> <span class='ocrx_word' id='word_1_29' title='bbox 2044 872 2301 927; x_wconf 88' lang='lat' dir='ltr'>tamen</span> <span class='ocrx_word' id='word_1_30' title='bbox 2379 852 2555 928; x_wconf 89' lang='lat' dir='ltr'>edu-</span> 
     </span>
     <span class='ocr_line' id='line_1_6' title="bbox 652 950 2553 1055; baseline -0.002 -24"><span class='ocrx_word' id='word_1_31' title='bbox 652 951 1036 1051; x_wconf 56' lang='lat' dir='ltr'>stumsua</span> <span class='ocrx_word' id='word_1_32' title='bbox 1082 956 1160 1027; x_wconf 89' lang='lat' dir='ltr'>in</span> <span class='ocrx_word' id='word_1_33' title='bbox 1209 954 1391 1055; x_wconf 86' lang='lat' dir='ltr'>igne</span> <span class='ocrx_word' id='word_1_34' title='bbox 1454 950 1855 1053; x_wconf 84' lang='lat' dir='ltr'>fragilitate</span> <span class='ocrx_word' id='word_1_35' title='bbox 1912 950 1999 1027; x_wconf 89' lang='lat' dir='ltr'>fit</span> <span class='ocrx_word' id='word_1_36' title='bbox 2047 950 2553 1045; x_wconf 71' lang='lat' dir='ltr'>intrastabile,</span> 
     </span>
     <span class='ocr_line' id='line_1_7' title="bbox 652 1049 2555 1153; baseline -0.003 -20"><span class='ocrx_word' id='word_1_37' title='bbox 652 1054 737 1133; x_wconf 76' lang='grc' dir='ltr'>δι</span> <span class='ocrx_word' id='word_1_38' title='bbox 793 1061 943 1131; x_wconf 78' lang='lat' dir='ltr'>aeri</span> <span class='ocrx_word' id='word_1_39' title='bbox 1002 1052 1244 1127; x_wconf 90' lang='lat' dir='ltr'>libero</span> <span class='ocrx_word' id='word_1_40' title='bbox 1302 1049 1724 1153; x_wconf 69' lang='lat' dir='ltr'>expositum</span> <span class='ocrx_word' id='word_1_41' title='bbox 1789 1050 2145 1129; x_wconf 81' lang='lat' dir='ltr'>facillime</span> <span class='ocrx_word' id='word_1_42' title='bbox 2206 1055 2288 1129; x_wconf 86' lang='lat' dir='ltr'>in</span> <span class='ocrx_word' id='word_1_43' title='bbox 2354 1052 2555 1131; x_wconf 82' lang='lat' dir='ltr'>rubi-</span> 
     </span>
    </p>
   </div>
   <div class='ocr_carea' id='block_1_3' title="bbox 653 1151 1252 1261">
    <p class='ocr_par' dir='ltr' id='par_1_3' title="bbox 653 1151 1252 1261">
     <span class='ocr_line' id='line_1_8' title="bbox 653 1151 1252 1261; baseline -0.002 -33"><span class='ocrx_word' id='word_1_44' title='bbox 653 1156 916 1261; x_wconf 79' lang='lat' dir='ltr'>ginem</span> <span class='ocrx_word' id='word_1_45' title='bbox 969 1151 1252 1229; x_wconf 87' lang='lat' dir='ltr'>fatiscit.</span> 
     </span>
    </p>
   </div>
   <div class='ocr_carea' id='block_1_4' title="bbox 649 1298 2557 2011">
    <p class='ocr_par' dir='ltr' id='par_1_4' title="bbox 649 1298 2557 2011">
     <span class='ocr_line' id='line_1_9' title="bbox 799 1298 2557 1405; baseline 0.002 -26"><span class='ocrx_word' id='word_1_46' title='bbox 799 1304 904 1400; x_wconf 87' lang='lat' dir='ltr'>C)</span> <span class='ocrx_word' id='word_1_47' title='bbox 976 1304 1296 1381; x_wconf 72' lang='lat' dir='ltr'>FERRUM</span> <span class='ocrx_word' id='word_1_48' title='bbox 1373 1300 1573 1377; x_wconf 80' lang='lat' dir='ltr'>acido</span> <span class='ocrx_word' id='word_1_49' title='bbox 1641 1298 1927 1385; x_wconf 75' lang='lat' dir='ltr'>vitrioli</span> <span class='ocrx_word' id='word_1_50' title='bbox 2008 1298 2557 1405; x_wconf 62' lang='lat' dir='ltr'>minerolg&#39;satm</span> 
     </span>
     <span class='ocr_line' id='line_1_10' title="bbox 651 1403 2554 1507; baseline 0.002 -26"><span class='ocrx_word' id='word_1_51' title='bbox 651 1404 1082 1507; x_wconf 79' lang='lat' dir='ltr'>pyritarum</span> <span class='ocrx_word' id='word_1_52' title='bbox 1163 1403 1577 1505; x_wconf 85' lang='lat' dir='ltr'>spontanea</span> <span class='ocrx_word' id='word_1_53' title='bbox 1657 1406 2308 1507; x_wconf 75' lang='lat' dir='ltr'>decompofitione</span> <span class='ocrx_word' id='word_1_54' title='bbox 2366 1426 2554 1505; x_wconf 74' lang='lat' dir='ltr'>quo-</span> 
     </span>
     <span class='ocr_line' id='line_1_11' title="bbox 651 1494 2554 1611; baseline 0.001 -30"><span class='ocrx_word' id='word_1_55' title='bbox 651 1505 839 1581; x_wconf 83' lang='lat' dir='ltr'>tidie</span> <span class='ocrx_word' id='word_1_56' title='bbox 889 1508 1178 1599; x_wconf 87' lang='lat' dir='ltr'>oritur‚</span> <span class='ocrx_word' id='word_1_57' title='bbox 1231 1503 1497 1581; x_wconf 83' lang='lat' dir='ltr'>senfim</span> <span class='ocrx_word' id='word_1_58' title='bbox 1572 1507 1845 1583; x_wconf 67' lang='lat' dir='ltr'>iteruin</span> <span class='ocrx_word' id='word_1_59' title='bbox 1898 1510 2009 1604; x_wconf 33' lang='lat' dir='ltr'>ita,</span> <span class='ocrx_word' id='word_1_60' title='bbox 2062 1494 2554 1611; x_wconf 75' lang='lat' dir='ltr'>dephlbgisti-</span> 
     </span>
     <span class='ocr_line' id='line_1_12' title="bbox 653 1596 2553 1700; baseline 0.001 -17"><span class='ocrx_word' id='word_1_61' title='bbox 653 1627 954 1700; x_wconf 82' lang='lat' dir='ltr'>catum,</span> <span class='ocrx_word' id='word_1_62' title='bbox 1007 1628 1086 1681; x_wconf 90' lang='lat' dir='ltr'>ut</span> <span class='ocrx_word' id='word_1_63' title='bbox 1137 1618 1370 1683; x_wconf 77' lang='lat' dir='ltr'>omne</span> <span class='ocrx_word' id='word_1_64' title='bbox 1444 1608 1757 1681; x_wconf 77' lang='lat' dir='ltr'>&#39;tandem</span> <span class='ocrx_word' id='word_1_65' title='bbox 1826 1596 2025 1681; x_wconf 72' lang='lat' dir='ltr'>‘acidi</span> <span class='ocrx_word' id='word_1_66' title='bbox 2082 1608 2553 1685; x_wconf 77' lang='lat' dir='ltr'>connubium</span> 
     </span>
     <span class='ocr_line' id='line_1_13' title="bbox 651 1696 2553 1809; baseline 0.001 -24"><span class='ocrx_word' id='word_1_67' title='bbox 651 1728 933 1809; x_wconf 86' lang='lat' dir='ltr'>pereat.</span> <span class='ocrx_word' id='word_1_68' title='bbox 1041 1696 1192 1783; x_wconf 75' lang='lat' dir='ltr'>Hae</span> <span class='ocrx_word' id='word_1_69' title='bbox 1233 1706 1633 1783; x_wconf 75' lang='lat' dir='ltr'>viti-iolicae</span> <span class='ocrx_word' id='word_1_70' title='bbox 1702 1696 2039 1809; x_wconf 74' lang='lat' dir='ltr'>reliquiae</span> <span class='ocrx_word' id='word_1_71' title='bbox 2100 1714 2308 1807; x_wconf 78' lang='lat' dir='ltr'>aquis</span> <span class='ocrx_word' id='word_1_72' title='bbox 2382 1709 2553 1786; x_wconf 79' lang='lat' dir='ltr'>lotae</span> 
     </span>
     <span class='ocr_line' id='line_1_14' title="bbox 651 1805 2555 1910; baseline 0.001 -27"><span class='ocrx_word' id='word_1_73' title='bbox 651 1807 735 1883; x_wconf 76' lang='grc' dir='ltr'>δε</span> <span class='ocrx_word' id='word_1_74' title='bbox 793 1809 872 1881; x_wconf 79' lang='lat' dir='ltr'>in</span> <span class='ocrx_word' id='word_1_75' title='bbox 914 1806 1080 1883; x_wconf 83' lang='lat' dir='ltr'>loca</span> <span class='ocrx_word' id='word_1_76' title='bbox 1127 1805 1577 1908; x_wconf 78' lang='lat' dir='ltr'>de‘p‘reffiora</span> <span class='ocrx_word' id='word_1_77' title='bbox 1636 1817 2155 1910; x_wconf 69' lang='lat' dir='ltr'>transportatoe</span> <span class='ocrx_word' id='word_1_78' title='bbox 2184 1808 2383 1886; x_wconf 77' lang='lat' dir='ltr'>forte</span> <span class='ocrx_word' id='word_1_79' title='bbox 2422 1812 2555 1887; x_wconf 88' lang='lat' dir='ltr'>mi·</span> 
     </span>
     <span class='ocr_line' id='line_1_15' title="bbox 649 1907 2246 2011; baseline 0 -26"><span class='ocrx_word' id='word_1_80' title='bbox 649 1918 873 1985; x_wconf 77' lang='lat' dir='ltr'>neras</span> <span class='ocrx_word' id='word_1_81' title='bbox 921 1914 1291 2011; x_wconf 78' lang='lat' dir='ltr'>generant</span> <span class='ocrx_word' id='word_1_82' title='bbox 1337 1907 1685 1984; x_wconf 86' lang='lat' dir='ltr'>lacustres</span> <span class='ocrx_word' id='word_1_83' title='bbox 1732 1910 1817 1986; x_wconf 66' lang='grc' dir='ltr'>ἃ</span> <span class='ocrx_word' id='word_1_84' title='bbox 1867 1908 2246 2010; x_wconf 78' lang='lat' dir='ltr'>palustres,</span> 
     </span>
    </p>
   </div>
   <div class='ocr_carea' id='block_1_5' title="bbox 646 2058 2549 2582">
    <p class='ocr_par' dir='ltr' id='par_1_5' title="bbox 646 2058 2549 2281">
     <span class='ocr_line' id='line_1_16' title="bbox 699 2058 2548 2177; baseline -0.001 -24"><span class='ocrx_word' id='word_1_85' title='bbox 699 2094 708 2103; x_wconf 87' lang='grc'><em>·</em></span> <span class='ocrx_word' id='word_1_86' title='bbox 796 2058 920 2175; x_wconf 73' lang='lat' dir='ltr'>D)</span> <span class='ocrx_word' id='word_1_87' title='bbox 967 2064 1204 2151; x_wconf 72' lang='lat' dir='ltr'>FE‘Rnt</span> <span class='ocrx_word' id='word_1_88' title='bbox 1241 2075 1531 2151; x_wconf 77' lang='lat' dir='ltr'>‘calcem</span> <span class='ocrx_word' id='word_1_89' title='bbox 1592 2076 1721 2152; x_wconf 86' lang='lat' dir='ltr'>sub</span> <span class='ocrx_word' id='word_1_90' title='bbox 1791 2076 2001 2151; x_wconf 81' lang='lat' dir='ltr'>&#39;varia</span> <span class='ocrx_word' id='word_1_91' title='bbox 2062 2071 2311 2177; x_wconf 78' lang='lat' dir='ltr'>specie</span> <span class='ocrx_word' id='word_1_92' title='bbox 2370 2088 2548 2173; x_wconf 85' lang='lat' dir='ltr'>por·</span> 
     </span>
     <span class='ocr_line' id='line_1_17' title="bbox 646 2176 2549 2281; baseline -0.003 -27"><span class='ocrx_word' id='word_1_93' title='bbox 646 2178 908 2281; x_wconf 66' lang='lat' dir='ltr'>&#39;figunt</span> <span class='ocrx_word' id='word_1_94' title='bbox 973 2176 1371 2253; x_wconf 79' lang='lat' dir='ltr'>hoematitae</span> <span class='ocrx_word' id='word_1_95' title='bbox 1400 2226 1421 2265; x_wconf 81' lang='lat'>,</span> <span class='ocrx_word' id='word_1_96' title='bbox 1470 2178 1729 2252; x_wconf 84' lang='lat' dir='ltr'>colore</span> <span class='ocrx_word' id='word_1_97' title='bbox 1782 2176 2072 2267; x_wconf 86' lang='lat' dir='ltr'>ferreo,</span> <span class='ocrx_word' id='word_1_98' title='bbox 2128 2176 2399 2266; x_wconf 75' lang='lat' dir='ltr'>rubro,</span> <span class='ocrx_word' id='word_1_99' title='bbox 2443 2178 2549 2249; x_wconf 88' lang='lat' dir='ltr'>ni·</span> 
     </span>
    </p>

    <p class='ocr_par' dir='ltr' id='par_1_6' title="bbox 646 2274 2549 2582">
     <span class='ocr_line' id='line_1_18' title="bbox 699 2274 2549 2355; baseline -0.006 -1"><span class='ocrx_word' id='word_1_100' title='bbox 699 2303 796 2354; x_wconf 89' lang='lat' dir='ltr'>-ro</span> <span class='ocrx_word' id='word_1_101' title='bbox 853 2278 970 2355; x_wconf 89' lang='lat' dir='ltr'>vel</span> <span class='ocrx_word' id='word_1_102' title='bbox 1020 2274 1248 2353; x_wconf 78' lang='lat' dir='ltr'>flavo·</span> <span class='ocrx_word' id='word_1_103' title='bbox 1354 2277 1549 2352; x_wconf 67' lang='lat' dir='ltr'>Aliae</span> <span class='ocrx_word' id='word_1_104' title='bbox 1610 2281 1924 2353; x_wconf 77' lang='lat' dir='ltr'>minerae</span> <span class='ocrx_word' id='word_1_105' title='bbox 1998 2274 2345 2352; x_wconf 82' lang='lat' dir='ltr'>eamdem</span> <span class='ocrx_word' id='word_1_106' title='bbox 2415 2300 2549 2351; x_wconf 84' lang='lat' dir='ltr'>ve.</span> 
     </span>
     <span class='ocr_line' id='line_1_19' title="bbox 647 2300 2546 2485; baseline 0.001 -31"><span class='ocrx_word' id='word_1_107' title='bbox 647 2300 885 2468; x_wconf 50' lang='lat' dir='ltr'>gunt,</span> <span class='ocrx_word' id='word_1_108' title='bbox 937 2380 1062 2455; x_wconf 90' lang='lat' dir='ltr'>sed</span> <span class='ocrx_word' id='word_1_109' title='bbox 1118 2379 1393 2454; x_wconf 85' lang='lat' dir='ltr'>laxiori</span> <span class='ocrx_word' id='word_1_110' title='bbox 1444 2380 1523 2453; x_wconf 88' lang='lat'>&amp;</span> <span class='ocrx_word' id='word_1_111' title='bbox 1567 2379 2085 2478; x_wconf 75' lang='lat' dir='ltr'>pulverulenta</span> <span class='ocrx_word' id='word_1_112' title='bbox 2136 2396 2546 2485; x_wconf 82' lang='lat' dir='ltr'>compage,</span> 
     </span>
     <span class='ocr_line' id='line_1_20' title="bbox 646 2475 2224 2582; baseline 0.003 -28"><span class='ocrx_word' id='word_1_113' title='bbox 646 2481 1097 2580; x_wconf 86' lang='lat' dir='ltr'>plerumque</span> <span class='ocrx_word' id='word_1_114' title='bbox 1150 2481 1374 2557; x_wconf 77' lang='lat' dir='ltr'>terris</span> <span class='ocrx_word' id='word_1_115' title='bbox 1406 2484 1834 2582; x_wconf 78' lang='lat' dir='ltr'>peregrinis</span> <span class='ocrx_word' id='word_1_116' title='bbox 1879 2475 2224 2558; x_wconf 83' lang='lat' dir='ltr'>mixtam.</span> 
     </span>
    </p>
   </div>
   <div class='ocr_carea' id='block_1_6' title="bbox 634 2641 2552 3735">
    <p class='ocr_par' dir='ltr' id='par_1_7' title="bbox 634 2641 2552 3735">
     <span class='ocr_line' id='line_1_21' title="bbox 805 2641 2550 2751; baseline 0.002 -25"><span class='ocrx_word' id='word_1_117' title='bbox 805 2650 893 2726; x_wconf 89' lang='lat' dir='ltr'>N</span> <span class='ocrx_word' id='word_1_118' title='bbox 901 2671 1006 2724; x_wconf 80' lang='grc' dir='ltr'>υΜ</span> <span class='ocrx_word' id='word_1_119' title='bbox 1065 2641 1262 2726; x_wconf 85' lang='lat' dir='ltr'>inter</span> <span class='ocrx_word' id='word_1_120' title='bbox 1309 2651 1443 2726; x_wconf 89' lang='lat' dir='ltr'>has</span> <span class='ocrx_word' id='word_1_121' title='bbox 1472 2651 1653 2742; x_wconf 84' lang='lat' dir='ltr'>ulla,</span> <span class='ocrx_word' id='word_1_122' title='bbox 1704 2648 1920 2724; x_wconf 82' lang='lat' dir='ltr'>acido</span> <span class='ocrx_word' id='word_1_123' title='bbox 1974 2653 2198 2725; x_wconf 70' lang='lat' dir='ltr'>aereo</span> <span class='ocrx_word' id='word_1_124' title='bbox 2236 2671 2381 2751; x_wconf 86' lang='lat' dir='ltr'>per</span> <span class='ocrx_word' id='word_1_125' title='bbox 2423 2677 2550 2729; x_wconf 87' lang='lat' dir='ltr'>na·-</span> 
     </span>
     <span class='ocr_line' id='line_1_22' title="bbox 643 2751 2552 2852; baseline 0.001 -22"><span class='ocrx_word' id='word_1_126' title='bbox 643 2764 889 2830; x_wconf 80' lang='lat' dir='ltr'>turam</span> <span class='ocrx_word' id='word_1_127' title='bbox 951 2751 1497 2840; x_wconf 85' lang='lat' dir='ltr'>mineralisata,</span> <span class='ocrx_word' id='word_1_128' title='bbox 1553 2754 1634 2825; x_wconf 87' lang='lat' dir='ltr'>in</span> <span class='ocrx_word' id='word_1_129' title='bbox 1689 2769 1911 2825; x_wconf 81' lang='lat' dir='ltr'>terrae</span> <span class='ocrx_word' id='word_1_130' title='bbox 1964 2753 2267 2852; x_wconf 84' lang='lat' dir='ltr'>gremio</span> <span class='ocrx_word' id='word_1_131' title='bbox 2324 2755 2552 2831; x_wconf 89' lang='lat' dir='ltr'>inve-</span> 
     </span>
     <span class='ocr_line' id='line_1_23' title="bbox 642 2849 2551 2942; baseline 0.001 -14"><span class='ocrx_word' id='word_1_132' title='bbox 642 2852 933 2942; x_wconf 83' lang='lat' dir='ltr'>niatur,</span> <span class='ocrx_word' id='word_1_133' title='bbox 981 2855 1397 2928; x_wconf 84' lang='lat' dir='ltr'>etiamnum</span> <span class='ocrx_word' id='word_1_134' title='bbox 1450 2851 1653 2926; x_wconf 86' lang='lat' dir='ltr'>latet.</span> <span class='ocrx_word' id='word_1_135' title='bbox 1708 2849 1850 2928; x_wconf 87' lang='lat' dir='ltr'>Per</span> <span class='ocrx_word' id='word_1_136' title='bbox 1893 2873 2132 2927; x_wconf 89' lang='lat' dir='ltr'>artem</span> <span class='ocrx_word' id='word_1_137' title='bbox 2184 2853 2337 2928; x_wconf 90' lang='lat' dir='ltr'>hoc</span> <span class='ocrx_word' id='word_1_138' title='bbox 2388 2853 2551 2930; x_wconf 88' lang='lat' dir='ltr'>sub-</span> 
     </span>
     <span class='ocr_line' id='line_1_24' title="bbox 640 2949 2551 3052; baseline 0.003 -26"><span class='ocrx_word' id='word_1_139' title='bbox 640 2949 784 3026; x_wconf 80' lang='lat' dir='ltr'>tile·</span> <span class='ocrx_word' id='word_1_140' title='bbox 821 2953 1115 3028; x_wconf 86' lang='lat' dir='ltr'>acidum</span> <span class='ocrx_word' id='word_1_141' title='bbox 1174 2953 1395 3028; x_wconf 85' lang='lat' dir='ltr'>avide</span> <span class='ocrx_word' id='word_1_142' title='bbox 1428 2951 1860 3052; x_wconf 85' lang='lat' dir='ltr'>suscipitur,</span> <span class='ocrx_word' id='word_1_143' title='bbox 1905 2949 2033 3026; x_wconf 83' lang='lat' dir='ltr'>sed</span> <span class='ocrx_word' id='word_1_144' title='bbox 2078 2977 2350 3052; x_wconf 82' lang='lat' dir='ltr'>omnes</span> <span class='ocrx_word' id='word_1_145' title='bbox 2402 2959 2551 3033; x_wconf 73' lang='lat' dir='ltr'>fer·</span> 
     </span>
     <span class='ocr_line' id='line_1_25' title="bbox 641 3051 2551 3154; baseline 0.004 -30"><span class='ocrx_word' id='word_1_146' title='bbox 641 3051 710 3124; x_wconf 87' lang='lat' dir='ltr'>ri</span> <span class='ocrx_word' id='word_1_147' title='bbox 756 3051 990 3130; x_wconf 86' lang='lat' dir='ltr'>calces</span> <span class='ocrx_word' id='word_1_148' title='bbox 1044 3054 1413 3136; x_wconf 75' lang='lat' dir='ltr'>naturales</span> <span class='ocrx_word' id='word_1_149' title='bbox 1471 3051 1829 3130; x_wconf 74' lang='lat' dir='ltr'>hastenus</span> <span class='ocrx_word' id='word_1_150' title='bbox 1874 3052 2289 3154; x_wconf 76' lang='lat' dir='ltr'>exploratae</span> <span class='ocrx_word' id='word_1_151' title='bbox 2343 3056 2551 3133; x_wconf 86' lang='lat' dir='ltr'>nulla</span> 
     </span>
     <span class='ocr_line' id='line_1_26' title="bbox 637 3147 2547 3256; baseline 0.006 -33"><span class='ocrx_word' id='word_1_152' title='bbox 637 3147 979 3250; x_wconf 82' lang='lat' dir='ltr'>ejusdem</span> <span class='ocrx_word' id='word_1_153' title='bbox 1031 3153 1341 3256; x_wconf 86' lang='lat' dir='ltr'>vestigia</span> <span class='ocrx_word' id='word_1_154' title='bbox 1379 3154 1905 3256; x_wconf 79' lang='lat' dir='ltr'>praebuerunt,</span> <span class='ocrx_word' id='word_1_155' title='bbox 1966 3159 2301 3255; x_wconf 88' lang='lat' dir='ltr'>exceptis</span> <span class='ocrx_word' id='word_1_156' title='bbox 2356 3157 2547 3234; x_wconf 83' lang='lat' dir='ltr'>albis</span> 
     </span>
     <span class='ocr_line' id='line_1_27' title="bbox 639 3249 2548 3362; baseline 0.005 -36"><span class='ocrx_word' id='word_1_157' title='bbox 639 3249 831 3326; x_wconf 87' lang='lat' dir='ltr'>ferri</span> <span class='ocrx_word' id='word_1_158' title='bbox 880 3252 1226 3345; x_wconf 83' lang='lat' dir='ltr'>mineris,</span> <span class='ocrx_word' id='word_1_159' title='bbox 1279 3276 1352 3329; x_wconf 86' lang='lat' dir='ltr'>at</span> <span class='ocrx_word' id='word_1_160' title='bbox 1404 3259 1762 3353; x_wconf 86' lang='lat' dir='ltr'>quoniam</span> <span class='ocrx_word' id='word_1_161' title='bbox 1816 3259 1893 3330; x_wconf 88' lang='lat' dir='ltr'>in</span> <span class='ocrx_word' id='word_1_162' title='bbox 1944 3255 2087 3331; x_wconf 91' lang='lat' dir='ltr'>illis</span> <span class='ocrx_word' id='word_1_163' title='bbox 2119 3257 2197 3332; x_wconf 90' lang='lat'>&amp;</span> <span class='ocrx_word' id='word_1_164' title='bbox 2231 3282 2548 3362; x_wconf 86' lang='lat' dir='ltr'>magne·</span> 
     </span>
     <span class='ocr_line' id='line_1_28' title="bbox 637 3349 2546 3448; baseline 0.005 -20"><span class='ocrx_word' id='word_1_165' title='bbox 637 3349 820 3428; x_wconf 86' lang='lat' dir='ltr'>fium</span> <span class='ocrx_word' id='word_1_166' title='bbox 873 3361 1250 3447; x_wconf 68' lang='lat' dir='ltr'>aetatum,</span> <span class='ocrx_word' id='word_1_167' title='bbox 1296 3355 1375 3428; x_wconf 85' lang='lat'>&amp;</span> <span class='ocrx_word' id='word_1_168' title='bbox 1436 3376 1639 3432; x_wconf 88' lang='lat' dir='ltr'>terra</span> <span class='ocrx_word' id='word_1_169' title='bbox 1704 3355 2035 3432; x_wconf 84' lang='lat' dir='ltr'>calcarea</span> <span class='ocrx_word' id='word_1_170' title='bbox 2096 3355 2343 3448; x_wconf 88' lang='lat' dir='ltr'>adest,</span> <span class='ocrx_word' id='word_1_171' title='bbox 2416 3361 2546 3436; x_wconf 91' lang='lat' dir='ltr'>du-</span> 
     </span>
     <span class='ocr_line' id='line_1_29' title="bbox 636 3449 2546 3554; baseline 0.006 -29"><span class='ocrx_word' id='word_1_172' title='bbox 636 3449 860 3526; x_wconf 86' lang='lat' dir='ltr'>bitari</span> <span class='ocrx_word' id='word_1_173' title='bbox 912 3450 1199 3554; x_wconf 83' lang='lat' dir='ltr'>posset,</span> <span class='ocrx_word' id='word_1_174' title='bbox 1253 3479 1438 3530; x_wconf 87' lang='lat' dir='ltr'>num</span> <span class='ocrx_word' id='word_1_175' title='bbox 1494 3457 1789 3532; x_wconf 87' lang='lat' dir='ltr'>acidum</span> <span class='ocrx_word' id='word_1_176' title='bbox 1845 3469 2187 3551; x_wconf 73' lang='lat' dir='ltr'>aereum,</span> <span class='ocrx_word' id='word_1_177' title='bbox 2250 3483 2349 3536; x_wconf 88' lang='lat' dir='ltr'>ex</span> <span class='ocrx_word' id='word_1_178' title='bbox 2428 3463 2546 3538; x_wconf 89' lang='lat' dir='ltr'>hi-</span> 
     </span>
     <span class='ocr_line' id='line_1_30' title="bbox 634 3551 2546 3662; baseline 0.006 -33"><span class='ocrx_word' id='word_1_179' title='bbox 634 3551 757 3629; x_wconf 86' lang='lat' dir='ltr'>sce</span> <span class='ocrx_word' id='word_1_180' title='bbox 829 3553 1200 3647; x_wconf 86' lang='lat' dir='ltr'>elicitum,</span> <span class='ocrx_word' id='word_1_181' title='bbox 1275 3579 1421 3654; x_wconf 87' lang='lat' dir='ltr'>qua</span> <span class='ocrx_word' id='word_1_182' title='bbox 1486 3579 1785 3660; x_wconf 78' lang='lat' dir='ltr'>partem</span> <span class='ocrx_word' id='word_1_183' title='bbox 1851 3561 2080 3638; x_wconf 83' lang='lat' dir='ltr'>etiam</span> <span class='ocrx_word' id='word_1_184' title='bbox 2148 3563 2546 3662; x_wconf 71' lang='lat' dir='ltr'>particulis</span> 
     </span>
     <span class='ocr_line' id='line_1_31' title="bbox 637 3653 1531 3735; baseline 0.007 -6"><span class='ocrx_word' id='word_1_185' title='bbox 637 3653 996 3731; x_wconf 85' lang='lat' dir='ltr'>debeatur</span> <span class='ocrx_word' id='word_1_186' title='bbox 1053 3656 1531 3735; x_wconf 80' lang='lat' dir='ltr'>martialibus,</span> 
     </span>
    </p>
   </div>
   <div class='ocr_carea' id='block_1_7' title="bbox 2424 3815 2536 3918">
    <p class='ocr_par' dir='ltr' id='par_1_8' title="bbox 2424 3815 2536 3918">
     <span class='ocr_line' id='line_1_32' title="bbox 2424 3815 2536 3918; baseline 0 0"><span class='ocrx_word' id='word_1_187' title='bbox 2424 3815 2536 3918; x_wconf 83' lang='grc' dir='ltr'>Ε)</span> 
     </span>
    </p>
   </div>
   <div class='ocr_carea' id='block_1_8' title="bbox 2714 1182 2722 1859">
    <p class='ocr_par' dir='ltr' id='par_1_9' title="bbox 2714 1182 2722 1859">
     <span class='ocr_line' id='line_1_33' title="bbox 2714 1182 2722 1859; baseline 0 0"><span class='ocrx_word' id='word_1_188' title='bbox 2714 1182 2722 1859; x_wconf 95' lang='lat' dir='ltr'> </span> 
     </span>
    </p>
   </div>
   <div class='ocr_carea' id='block_1_9' title="bbox 2713 3535 2724 4548">
    <p class='ocr_par' dir='ltr' id='par_1_10' title="bbox 2713 3535 2724 4548">
     <span class='ocr_line' id='line_1_34' title="bbox 2713 3535 2724 4548; baseline 0 0"><span class='ocrx_word' id='word_1_189' title='bbox 2713 3535 2724 4548; x_wconf 95' lang='lat' dir='ltr'> </span> 
     </span>
    </p>
   </div>
  </div>
 </body>
</html>
