2760 4749
621 333 782 434 448
849 317 970 410 De
997 313 1508 408 minet-arum
1536 315 1993 424 Docimafia
2018 316 2403 408 humida.

1477 598 1492 615 .
1549 533 1721 613 XV.

1071 533 1487 748 Minerai
1554 657 2078 748 zinciferae.

767 829 970 906 Nou
1019 829 1321 905 zincum
1359 821 1631 900 alicubi
1693 824 2114 925 reperiatur
2164 825 2527 916 nativum,

621 933 1034 1012 etlamnum
1094 924 1312 1002 multi
1365 923 1725 999 dubitant.
1833 923 2217 1024 Sulphure
2294 928 2521 999 mine·

621 1029 957 1112 ralisatur
1012 1032 1093 1106 in
1137 1023 1767 1126 psevdogaleniS,
1832 1027 2050 1100 acido
2136 1024 2523 1100 vitriolico

622 1136 708 1210 iu
761 1129 1070 1206 vitriolo
1123 1125 1296 1202 albo
1349 1126 1654 1213 nativo,
1725 1125 1806 1202 &
1855 1125 2075 1200 acido
2150 1135 2393 1201 aereo
2455 1127 2524 1200 in

617 1229 871 1332 lapide
917 1228 1390 1317 calaminari,
1435 1225 1726 1325 illisque
1772 1227 2127 1319 mineris,
2178 1250 2363 1324 quae
2424 1228 2527 1300 vi·

619 1353 804 1412 treae
849 1331 1086 1433 vulgo
1135 1325 1465 1401 audiunt.

777 1481 886 1582 A)
940 1481 1018 1556 St
1072 1478 1340 1555 alicubi
1385 1497 1646 1553 natura
1696 1475 1847 1554 fine
1913 1478 2093 1553 artis
2172 1478 2347 1554 ullo
2413 1478 2529 1554 ad-

623 1587 964 1676 iumento
1053 1583 1374 1658 nativum
1468 1598 1825 1679 procreat.
1886 1580 2189 1655 zincum
2264 1582 2524 1682 reguli·

625 1709 862 1777 num,
911 1705 1055 1781 qua
1124 1681 1529 1782 puritatem
1594 1677 1776 1753 illud
1843 1678 2043 1753 haud
2127 1677 2528 1756 difficulter

625 1785 1112 1887 exploratur,
1149 1805 1383 1879 quum
1424 1776 1728 1880 fingulis
1782 1777 2015 1856 acidis
2060 1781 2521 1880 vulgaribus,

626 1911 795 1986 quae
845 1881 1238 1958 mineralia
1289 1900 1709 1970 vocantur,-
1774 1880 2120 1956 celeriter
2191 1879 2524 1982 suscipia-

625 2009 807 2077 tur,
862 1984 943 2060 &
993 1981 1357 2083 quidquid
1415 1979 1910 2082 heterogenei
1967 1983 2261 2056 metalli
2330 1981 2523 2070 infit,

617 2090 855 2172 zinco
896 2082 1358 2184 praecipitari
1414 2100 1655 2178 queat.
1755 2081 1818 2156 F
1822 2078 2160 2156 affitium
2202 2106 2393 2163 raro
2428 2084 2519 2156 in-

631 2188 932 2290 quinari
973 2181 1162 2260 solet
1216 2180 1364 2258 alio
1392 2236 1417 2279 ,
1461 2205 1682 2280 quam
1730 2180 2071 2282 plumbo·

773 2351 881 2452 Β)
949 2351 1596 2445 Ρειενυοοᾼιεκε,
1657 2378 1822 2451 quae
1888 2353 2166 2432 zincum
2206 2351 2525 2459 fidphure

633 2453 1181 2549 mineraltsatum
1205 2506 1228 2546 ,
1281 2476 1429 2528 una
1487 2477 1659 2528 cum
1718 2453 1929 2530 ferro
1990 2454 2307 2556 semper
2366 2482 2525 2532 con·

629 2556 924 2645 tinent,
991 2577 1162 2630 cum
1226 2552 1447 2629 acido
1524 2554 1816 2631 nitroso
1876 2554 2311 2657 prudenter
2381 2558 2525 2633 sunt

631 2652 1093 2746 traaandae,
1175 2673 1266 2728 ut·
1333 2656 1775 2732 extrahatur
1843 2655 2313 2733 metallicum
2392 2656 2521 2733 fine

633 2758 1098 2833 detrimento
1190 2752 1578 2855 sulphuris,
1723 2758 1800 2833 Si
1875 2778 2153 2855 praeter
2244 2758 2523 2834 ferrum

631 2858 926 2935 nullum
979 2853 1178 2931 aliud
1227 2858 1715 2958 peregrinum
1753 2856 2067 2933 inhaeret
2117 2860 2523 2945 metallum,

630 2956 816 3035 illud
869 2958 1092 3034 zinco
1146 2954 1579 3054 dejiciatur,
1622 2956 1677 3033 fi
1728 2982 1919 3033 vero
1966 2957 2185 3057 plura
2232 2960 2523 3044 adsunt,

632 3056 963 3150 ferrum,
1019 3055 1238 3133 acido
1313 3059 1493 3132 nitri
1557 3058 1839 3160 pluries
1891 3057 1986 3134 ad
2050 3057 2343 3135 ficcum
2414 3060 2523 3133 ab·

508 3174 510 3177 ’
582 3154 951 3254 ‘strast0‚
1007 3156 1527 3235 calcinandum
1580 3158 1726 3249 est,
1789 3159 1871 3238 δε.
1936 3182 2141 3236 nova
2210 3160 2525 3249 solutio,

633 3276 848 3333 aceto
898 3259 1020 3331 vel
1077 3258 1224 3332 alio
1269 3258 1648 3341 menstruo
1684 3286 1829 3363 pro
1874 3283 1956 3339 re
2024 3281 2201 3338 nata
2260 3262 2525 3340 facien·

635 3354 737 3435 da
794 3355 1446 3457 examinandaque
1494 3360 1615 3445 est.

756 3509 1054 3618 ’Aemo
1100 3507 1488 3586 vitriolico
1560 3524 1687 3590 aer
1760 3512 2145 3617 hepaticus
2228 3536 2525 3619 genera·

639 3633 802 3703 tur,
886 3609 967 3687 &
1041 3608 1284 3688 adhuc
1362 3615 1734 3715 copiofius
1809 3619 2257 3703 muriatico,
2312 3637 2523 3715 quum

643 3736 894 3794 aurem
952 3710 1100 3789 hoc
1151 3710 1464 3793 fluidum
1510 3717 1888 3795 elasticum
1940 3717 2325 3819 sulphuris
2376 3737 2525 3816 pu·-

1502 3838 1511 3849 ·
2392 3836 2523 3891 tem
