2760 4749
460 394 521 479 4
852 362 979 453 De
1016 361 1331 477 formis
1376 360 2006 477 crystallorum.

456 574 617 695 tbt’3
657 575 899 694 ‘idque
934 572 1269 751 reffuhfi
1291 574 1799 693 thom-borum
1845 573 2236 675 aeq‘ualium
2275 570 2360 649 δε

454 676 811 757 fimihum
868 702 1018 792 app
1046 699 1367 752 icanone
1445 678 1666 753 aliem
1715 700 1808 751 an
1869 675 2118 751 lorum
2193 672 2362 749 soh·

260 790 267 797 “
336 858 345 867 ,
463 778 743 855 dorum
764 830 787 870 ‚
834 804 966 877 qut
997 800 1093 854 ex
1128 799 1448 877 quatuor
1493 778 1738 879 planis
1815 798 1949 851 unt
1993 772 2362 874 composi·

458 883 565 970 ti,
613 903 793 955 nam
846 878 971 953 sex
1026 878 1207 979 tales
1254 879 1481 955 habet
1515 878 1924 969 Granum,
1977 900 2124 975 qua
2171 876 2360 977 figu-

458 1004 628 1057 ram
684 979 1151 1080 completus,
1203 978 1287 1055 ἃ.
1337 977 1516 1054 ocio
1589 977 1941 1053 triedroS.
2071 975 2360 1052 Confe-

460 1101 667 1156 ratur
720 1078 854 1179 fig..
906 1105 995 1169 2,
1042 1078 1175 1153 ubi
1222 1078 1442 1154 lineae
1495 1076 1795 1179 pune‘tis
1821 1075 2181 1177 express'ae
2215 1077 2362 1175 pri-

460 1178 717 1257 smatis
764 1178 1078 1281 genefin
1128 1179 1571 1254 luculentius
1623 1176 2082 1266 monstrant,
2133 1199 2360 1275 quam

458 1281 593 1355 lon
658 1302 716 1353 ae
760 1278 1175 1355 verborum
1234 1279 1611 1403 ambages.
1715 1279 2106 1353 Mutantur
2157 1300 2364 1351 nem·

519 1404 561 1456 e
672 1399 755 1455 ac
810 1380 1158 1482 genetica
1200 1381 1650 1480 operatione
1727 1398 2047 1476 quatuor
2091 1378 2362 1452 rhom-

518 1480 545 1553 i
591 1482 673 1555 in
720 1480 1044 1555 totidem
1098 1478 1502 1583 hexagona
1548 1478 1934 1580 oblonga,
1980 1477 2364 1554 LHABin

463 1577 748 1657 lHlmb
776 1580 843 1655 B
864 1628 889 1666 ‚
942 1578 1092 1657 &a

614 1748 751 1838 D)
832 1748 1031 1824 NoN
1116 1768 1532 1845 numquam
1605 1738 1830 1848 plana
1910 1748 2370 1825 adhibentur
2411 1795 2421 1806 ·

462 1844 1149 1927 fundamentalibus
1184 1849 1492 1946 quidem
1527 1846 1828 1943 fimilia,
1863 1872 2064 1925 certa
2107 1871 2368 1925 tamen

360 2018 369 2025 .
460 1953 635 2051 lege
680 1947 1206 2023 decrescentia.
1290 1948 1482 2022 Haec
1524 1948 1998 2041 imminutio,
2047 1949 2200 2025 five
2235 1950 2364 2025 de·

460 2050 691 2127 feE’tui
740 2049 1071 2123 materiae
1106 2104 1127 2139 ‚
1187 2048 1394 2144 quod
1465 2070 1656 2123 vero
1728 2049 2032 2125 videtur
2085 2050 2362 2126 fimilli·

462 2174 705 2240 mum,
740 2147 895 2222 five
944 2147 1070 2222 alii
1120 2144 1580 2222 adscribatur
1621 2148 1906 2241 causae,
1958 2152 2361 2249 planorum

464 2252 1038 2329 terminantium
1082 2245 1357 2323 faciem
1411 2272 1568 2323 non
1622 2248 1868 2349 potest
1917 2276 2074 2335 non
2127 2272 2362 2326 muta·

464 2374 551 2430 re
583 2405 607 2442 ,
661 2371 1064 2449 earumque
1102 2346 1299 2451 saepe
1346 2371 1746 2426 numerum
1773 2407 1798 2446 ‚
1845 2376 1993 2452 pro
2034 2376 2117 2428 re
2157 2372 2364 2440 nata,

464 2453 593 2532 vel
626 2473 903 2554 augere
923 2504 947 2543 ,
980 2449 1105 2526 vel
1133 2449 1603 2530 contrahere.
1665 2451 2090 2528 Redeamus
2113 2452 2207 2528 ad
2231 2453 2363 2556 fig.

472 2583 535 2636 1.
640 2553 947 2628 Nucleo
1007 2553 1314 2626 centrali
1368 2569 1847 2651 apponantur
1888 2549 2113 2653 plana
2171 2553 2369 2628 fimi·

464 2651 602 2744 lia,
654 2653 787 2728 led
843 2653 1200 2728 continue
1249 2649 1757 2727 decrescentia
1809 2651 1980 2749 Mp,
2023 2653 2181 2756 Mq,
2218 2653 2372 2748 Mt,

466 2753 613 2831 διε.
666 2752 829 2826 haec
886 2750 1190 2826 tandem
1244 2753 1324 2825 in
1377 2753 1668 2850 apicem
1735 2753 2118 2852 utrimque
2175 2747 2370 2831 defi-

466 2870 658 2928 nunt
700 2907 723 2943 ,
808 2849 1011 2926 unde
1063 2850 1238 2927 loco
1274 2845 1686 2949 .prismatis
1752 2851 2036 2954 duplex
2122 2858 2368 2930 oritur

464 2947 852 3054 pyramis,
907 2975 1219 3054 quarum
1278 2954 1504 3028 altera
1549 2945 1829 3029 sursum
1885 2952 2138 3049 versa,
2187 2955 2366 3031 alte·

464 3078 551 3129 ra
596 3049 945 3126 deorsum
996 3049 1261 3132 tendit.
1316 3051 1408 3125 In
1459 3050 1848 3152 superficie
1889 3051 2156 3131 harum
2184 3081 2366 3132 con-

468 3151 841 3230 currentia
938 3148 1109 3226 lana
1159 3149 1730 3230 interfectiones
1761 3154 1886 3232 seu
1911 3154 2122 3232 bases
2161 3181 2371 3234 com·
2435 3183 2454 3198 ·

464 3274 731 3328 munes
789 3274 833 3326 e
914 3254 1162 3342 ciunt,
1244 3275 1410 3348 quae
1487 3253 1782 3356 angulis
1847 3257 2155 3334 alternis
2207 3256 2368 3334 sur·

464 3351 625 3428 sum
668 3408 693 3442 ‚
747 3352 1058 3450 reliquis
1114 3374 1304 3425 vero
1378 3352 1730 3431 deorsum
1801 3354 2184 3456 spestant,
2257 3359 2370 3440 uti.

467 3451 947 3528 GFEACBG
1002 3450 1303 3526 indicat.
1378 3454 1552 3530 Hac
1595 3455 1860 3532 eadem
1900 3456 2148 3534 forma
2247 3484 2368 3536 au-

466 3553 652 3628 dent
699 3549 1025 3654 crystalli
1075 3553 1450 3650 calcareae,
1503 3578 1544 3632 a
1590 3557 2024 3636 monticolis
2092 3583 2196 3636 no
2263 3563 2370 3638 ris

346 3729 355 3734 .
465 3651 735 3728 Dentes
764 3651 976 3750 οΙῐιὶΙΙὶ
1038 3649 1281 3728 distae.

2217 3807 2378 3914 Par
