2760 4749
630 252 681 383 3*
683 280 790 359 62
997 267 1124 359 De
1178 270 1716 381 Praecipitatis
1772 268 2254 373 Metallicis.

617 506 702 563 re
760 480 1025 583 potest.
1136 482 1314 558 Hoc
1361 484 1969 584 experimentum
2031 489 2114 564 in
2167 486 2348 565 vase
2418 490 2541 567 ina

618 586 856 683 verso·
891 582 1280 688 pendium
1315 635 1338 678 ‚
1382 587 1591 686 cujus
1652 582 2029 663 orificium
2102 587 2305 665 infra
2380 586 2540 693 hy-

619 684 983 789 drargyr't
1041 685 1372 763 libellam
1448 686 1551 764 est
1632 686 2109 781 demersum,
2176 688 2539 787 distincle

619 788 987 865 monstrat
1040 798 1290 864 aerem
1333 785 1491 866 fere
1541 810 1781 866 totum
1830 788 2313 869 evanescere.
2389 794 2540 871 Re-

615 888 863 967 fiduus
912 886 1300 980 octavam,
1357 892 1773 981 decimam,
1830 892 2075 969 immo
2134 894 2537 977 interdurn

673 993 862 1070 rimi·
893 990 1305 1069 voluminis
1344 986 1481 1071 'vix
1518 992 1999 1071 centefimam
2046 991 2319 1085 efficit,
2348 1021 2539 1074 con·

681 1116 812 1171 ans
881 1093 1159 1193 partim
1189 1174 1200 1183 ‚
1230 1094 1452 1173 acido
1526 1103 1795 1186 aereo,
1868 1097 2150 1197 partim
2219 1107 2407 1175 a‘ere
2480 1098 2537 1172 i-

593 1199 753 1373 ·ςὲιί
801 1194 894 1311 0&
964 1189 1461 1293 respiratione
1519 1197 1837 1296 inepto,
1910 1193 2045 1273 secl
2130 1194 2227 1273 ab
2298 1199 2538 1279 initio

615 1320 660 1375 a
717 1318 980 1373 tmxto.

776 1450 1165 1525 Smmrssn
1214 1445 1290 1525 se
1337 1444 1625 1525 habent
1720 1446 2048 1537 miscelae
2124 1452 2325 1529 aeris
2403 1450 2535 1532 de-

607 1550 1121 1655 phlogisticati
1173 1546 1578 1639 &nitrost
1687 1552 1883 1628 Non
1940 1574 2361 1651 numquam
2420 1554 2535 1631 fe-

609 1678 696 1731 re
745 1654 936 1751 nihil
989 1649 1256 1743 restat,
1311 1651 1455 1727 alia
1508 1652 1679 1729 vic'e
1756 1652 2173 1729 voluminis
2206 1657 2533 1755 ⁸prioris

607 1766 757 1853 1³62
808 1751 1070 1855 faepius
1121 1777 1312 1829 vero
1365 1753 1598 1855 longe
1649 1755 1895 1857 magis
1946 1776 2315 1831 remanet.
2370 1756 2533 1835 Hae

606 1857 1042 1957 quantitatis
1075 1854 1383 1929 refiduae
1417 1856 1877 1930 variationes
1906 1853 2078 1931 satis
2123 1858 2533 1951 evincunt,

605 1968 863 2034 aerem
916 1955 1629 2059 dephlogisticatum
1700 1953 2019 2032 diversae
2098 1954 2468 2034 bonitatis
2498 2014 2525 2049 ,

606 2058 736 2136 vel
791 2054 1004 2159 quod
1057 2055 1336 2135 eodem
1386 2055 1657 2134 recidit
1689 2108 1712 2148 ,
1789 2053 2113 2134 diversae
2176 2059 2529 2163 pm·itatis

602 2158 773 2239 esse.
879 2158 1073 2233 Haee
1144 2160 1433 2261 puritas
1503 2157 1787 2259 triplici
1875 2159 2119 2235 modo
2208 2162 2525 2262 concipi

601 2260 898 2366 potest,
953 2262 1074 2349 vel
1132 2260 1340 2335 enim
1396 2281 1665 2335 omnes
1720 2258 2110 2358 particulae
2143 2259 2525 2361 ejusdem,

599 2390 690 2442 ac
749 2384 1044 2456 totum,
1113 2358 1396 2448 indolis
1444 2356 1587 2438 effe
1694 2356 1985 2451 offunt,
2056 2361 2182 2444 vel
2263 2383 2525 2440 certus

599 2485 961 2555 numerus
1017 2459 1613 2564 puriffimarum.
1686 2465 2159 2540 eterminatae
2211 2461 2520 2538 admix-

597 2591 716 2646 tus
767 2567 1348 2642 deterrimarum
1402 2565 1783 2662 portioni,
1832 2563 1959 2640 vel
2012 2562 2343 2664 denique
2375 2565 2521 2641 fin-

658 2669 797 2744 ulae
842 2667 1168 2768 proprio
1217 2663 1579 2740 bonitatis
1637 2664 1879 2769 gradu
1931 2665 2272 2766 praeditae
2326 2689 2523 2742 mas·

593 2693 756 2846 gam
798 2787 1276 2868 componunt
1329 2763 1602 2842 mediae
1656 2787 1965 2844 naturae.
2070 2769 2219 2866 Pro
2254 2789 2344 2846 re
2380 2791 2519 2842 na·

593 2893 670 2946 ta
718 2868 992 2944 horum
1041 2867 1358 2968 quilibet
1412 2865 1616 2962 caius
1661 2867 1918 2944 locum
1970 2867 2253 2945 habere
2342 2887 2519 2968 pot·

592 2967 751 3060 est,
799 2967 976 3057 sed,
1029 2992 1153 3045 me
1202 2965 1513 3068 quidem
1570 2966 1864 3066 judice,
1914 2969 2176 3045 tertius
2232 2989 2521 3048 naturae

591 3067 961 3148 consveto
1014 3067 1273 3146 ordini
1319 3069 2066 3148 convenientiffimus
2113 3066 2261 3145 effe
2289 3069 2519 3146 vide-

553 3195 732 3250 ·tur.
787 3168 1162 3270 Respestu
1210 3192 1462 3246 tamen
1501 3170 2029 3270 explicationis
2072 3170 2517 3273 phaenome-

588 3299 872 3354 norum
918 3274 998 3344 in
1054 3273 1410 3346 omnibus
1470 3295 1591 3348 res
1640 3271 1916 3350 eodem
1984 3269 2149 3349 fer-e
2200 3272 2517 3366 recidit,

588 3399 827 3476 quum
865 3391 1115 3448 autem
1163 3368 1547 3448 secundus
1599 3371 2048 3474 simplicitati
2091 3372 2513 3474 praesertim

587 3476 882 3568 faveat,
937 3474 1140 3548 hunc
1207 3473 1389 3548 ideo
1444 3472 1816 3574 eligimus,
1912 3475 2290 3550 Ponamus
2350 3474 2513 3572 jam

586 3594 845 3660 aerem
899 3571 1795 3675 nitrosum'completum
1824 3635 1845 3668 ‚
1895 3575 2068 3674 (qui
2113 3570 2513 3677 phlogisto

583 3701 858 3788 erepto
910 3675 1236 3784 totusin
1288 3671 1590 3770 acidum
1638 3679 1999 3802 nitrosum
2046 3675 2511 3765 resolvitur),

1804 3801 1811 3810 ·
2347 3778 2514 3854 aeri
