2760 4749
755 356 881 442 De
917 353 1235 470 fhrmis
1284 356 1888 474 Crystallorum.
2256 391 2304 478 5

545 571 696 646 Pan
751 566 827 645 se
877 545 1154 670 patetJ
1188 571 1683 674 pyramidum
1732 593 1912 649 axes
1964 599 2057 654 eo
2134 575 2309 654 fieri

395 671 830 847 Ιὸεξῃέἒξξὲ,
895 695 1049 769 quo
1100 669 1407 775 segnius
1458 670 1895 755 decrescant
1948 675 2303 774 rhombi,

544 923 622 999 81
670 922 897 1000 series
949 922 1477 1008 decrescentiae
1526 925 1851 1021 sistatur,
1898 951 2301 1032 antequam
2398 1003 2405 1015 ,
2512 927 2519 934 ’

389 1022 650 1104 ultima
697 1024 1096 1126 planorum
1145 1027 1780 1106 accumulatorum
1831 1031 2057 1106 latera
2118 1055 2303 1108 eva-

389 1123 745 1216 nescant,
799 1127 1048 1226 apices
1089 1125 1533 1210 obtinentur
1579 1135 1923 1226 truncati,
1969 1127 2300 1236 quorum

375 1250 547 1316 non
596 1251 776 1303 raro
831 1249 1236 1310 occurrunt
1289 1230 1655 1331 exempla.

548 1379 642 1454 IN
693 1378 1046 1481 crystallo
1095 1378 1423 1457 calcarea
1459 1383 1917 1488 pyramidali
1968 1384 2120 1483 jam
2160 1380 2293 1460 de·

389 1478 668 1580 scripta
719 1482 1106 1582 margines
1158 1480 1495 1559 dorsales
1546 1483 1743 1576 ΑΗ,
1798 1483 1945 1562 BH
2012 1485 2091 1560 ἃ.
2150 1483 2299 1560 FH

387 1595 597 1682 caute
644 1579 958 1682 percuffi
1009 1583 1444 1675 materiam,
1514 1581 1591 1660 in
1641 1581 1939 1660 tesseras
2000 1583 2289 1690 spatha·

387 1705 553 1758 ceas
618 1683 982 1767 divisam,
1034 1681 1425 1782 praebent,
1485 1685 1754 1782 reliqui
1820 1707 2013 1758 vero
2066 1685 2291 1760 alter-

387 1781 469 1858 ni
525 1781 699 1874 CH,
758 1783 908 1858 EH
941 1783 1022 1858 &
1068 1781 1223 1858 GH
1259 1787 1441 1876 vix,
1485 1809 1569 1860 ac
1608 1809 1706 1860 ne
1754 1787 1888 1860 vix
1938 1783 2291 1883 quidem,-

385 1907 479 1958 eo
529 1883 848 1984 perduci
909 1879 1237 1982 possunt.
1364 1885 1593 1962 Ratio
1650 1883 1752 1966 est
1805 1886 1883 1960 in
1952 1906 2287 1992 promtu.

379 1984 474 2066 In
525 1987 770 2086 priori
823 1984 988 2076 casu
1043 1981 1228 2063 istus
1272 1982 1552 2066 feriens
1598 1985 2002 2088 planorum
2071 2008 2287 2066 accu-

381 2087 777 2164 mulationi
831 2085 933 2162 est
977 2085 1418 2194 parallelus,
1470 2088 1550 2164 in
1603 2086 2000 2187 posteriori
2032 2109 2282 2163 autem

383 2188 702 2263 duorum
736 2189 1061 2265 occurrit
1097 2185 1634 2268 Interseffioni.
1714 2187 1904 2271 Haee
1936 2189 2281 2294 proprie·

379 2307 490 2363 tas
542 2287 808 2366 itidem
874 2291 953 2364 in
1003 2288 1429 2391 pyramide.
1481 2289 1776 2386 obtinet
1861 2288 2224 2373 inferiore
2256 2342 2276 2362 .

378 2392 519 2467 hac
572 2410 824 2467 tamen
876 2414 1047 2465 cum
1108 2387 1537 2473 differentia
1600 2386 2042 2479 necess'aria,
2108 2414 2276 2487 quae

375 2514 474 2569 ex
525 2488 686 2591 ipsa
719 2490 1078 2572 struchra
1123 2489 1445 2583 elicitur,
1474 2509 1555 2564 ut
1593 2514 1863 2589 margo
1915 2488 2063 2586 AJ
2098 2513 2275 2571 con·

375 2595 611 2671 trario
665 2593 970 2693 prorsus
1019 2588 1260 2669 modo
1314 2589 1401 2667 fit
1453 2610 1923 2690 comparatus
1978 2612 2061 2664 ac
2089 2588 2270 2681 AH,

375 2694 585 2869 quodd·
650 2694 860 2778 idem
939 2690 1052 2777 'de
1103 2694 1407 2798 reliquis
1473 2690 1707 2793 valet,
1759 2689 2055 2779 mutatis
2106 2714 2265 2777 mu·

375 2815 503 2874 tan
541 2818 646 2878 ,Iso
1984 2833 1991 2847 ¹
2058 2848 2065 2851 '
2172 2842 2190 2863 ⁶

529 2946 642 3030 Ε)
697 2947 897 3024 SAEPE
948 2948 1168 3024 etiam
1239 2942 1397 3046 ipsa
1452 2942 2035 3028 fundamentalia
2111 2941 2268 3043 pla«
2334 3020 2337 3025 ,
2396 2986 2403 2995 »

373 3071 474 3124 na
525 3046 693 3127 sunt
748 3072 1012 3125 manca
1045 3100 1069 3139 ,
1120 3044 1174 3123 fi
1221 3045 1451 3151 igitur
1500 3047 1645 3123 illis
1696 3044 1956 3121 fimi'lia
2018 3048 2261 3145 impo-

371 3171 696 3241 nuntur,
747 3176 907 3225 non
959 3144 1263 3251 possunt
1339 3173 1499 3225 non
1570 3144 1841 3228 former.
1913 3147 2266 3247 generari
2316 3222 2324 3233 ,

373 3276 546 3327 com
607 3250 770 3327 letis
871 3252 982 3326 lus
1049 3248 1297 3333 minus
1373 3246 1766 3327 dimmiles.
1888 3244 2259 3347 Exempla

299 3436 306 3442 ,
367 3376 520 3455 pro
585 3372 711 3427 ant
753 3376 798 3429 a
856 3347 1169 3427 modum
1220 3347 1620 3433 numerosa
1648 3404 1672 3441 ‚
1708 3372 2029 3448 quorum
2062 3371 2259 3423 non-

369 3450 575 3533 nulla
623 3452 796 3529 heic
843 3452 1178 3535 breviter
1229 3449 1680 3553 explicanda
1735 3447 2102 3530 existimo.

487 3633 707 3710 ,Smr
761 3631 842 3709 in
910 3630 1036 3735 fig.
1087 3651 1151 3726 3.
1193 3626 1695 3713 ABCDEFG
1726 3652 1879 3711 tres
1904 3626 2249 3718 rhombi,

366 3734 497 3839 qui
560 3728 891 3839 crystalli
981 3728 1442 3813 schoerlacei
1515 3734 1881 3841 completi
1950 3733 2246 3835 apicem

1222 3834 1296 3930 A.
1353 3858 1399 3936 3
2062 3850 2244 3927 ⁶01³·
