2760 4749
662 314 819 423 360
1016 300 1138 389 De
1196 300 1736 411 Praecipitatis
1785 296 2276 393 Metalticis.

833 512 1343 619 RmQJo'nvM
1397 513 1806 593 fluidorum
1875 510 2416 589 aeriformium
2493 536 2596 589 o-

652 618 941 723 rigines
1010 612 1477 693 densioribus
1563 614 1899 693 tenebris
1975 612 2224 691 adhuc
2311 608 2596 689 obscu-

653 738 921 798 rantur
948 766 973 809 ‚
1056 715 1251 794 adeo
1330 736 1412 793 ut
1489 739 1694 823 aegre
1771 716 1950 791 certi
2038 714 2224 815 quid
2301 713 2594 791 stabili·

653 820 727 936 ri
778 837 1027 919 queat.
1126 816 1315 893 Haec
1374 814 1544 893 sunt
1616 813 2126 932 quadruplicis
2205 812 2594 932 differen-

654 936 1594 1118 {25313531532225513'3
1631 915 2596 1133 difflsffissini'ssaeflizi-‘ffffi

656 1143 799 1300 :flius
826 1172 849 1213 ,
904 1116 1522 1293 pigi-‹ligisticatus²
1569 1114 2236 1227 dephlogisticatus
2308 1117 2398 1195 δι
2465 1142 2596 1195 m·

720 1244 973 1297 amma
1028 1242 1168 1295 iis.
1999 1240 2014 1249 ·

812 1370 937 1449 Da
988 1372 1247 1471 primo
1296 1369 1700 1447 evidenter
1741 1365 2342 1449 demonstratum
2399 1395 2590 1446 con·

657 1471 821 1553 fido
842 1524 865 1565 ‚
918 1472 1125 1573 quod
1176 1472 1514 1573 propriae
1563 1470 1650 1549 fit
1715 1470 1996 1551 indolis'
2033 1526 2060 1563 ,
2125 1474 2282 1549 sem
2347 1493 2598 1571 etque

658 1574 918 1651 acidae.
1040 1570 1709 1651 Modificationem
1803 1571 2008 1651 acidi
2077 1576 2282 1649 nitro
2423 1596 2594 1647 cre-

658 1672 777 1751 dit
852 1672 995 1751 Dr.
1062 1672 1508 1765 Parasi-tar,
1573 1675 1813 1753 immo
1881 1672 1964 1752 δε
2051 1672 2428 1749 nitrosum
2505 1672 2594 1751 &

638 1774 1125 1851 ·vitriolicum
1196 1772 1530 1851 diversas
1597 1794 1892 1853 tantum
1952 1776 2424 1853 variationes
2479 1797 2592 1849 es·

656 1871 738 1951 se
808 1893 1079 1974 urget,
1154 1897 1297 1949 nec
1367 1872 1862 1977 refragabor,
1927 1872 2062 1951 sed
2121 1872 2591 1951 fundamen-

652 1995 869 2064 tum,
920 1998 1075 2070 quo
1158 1974 1275 2049 hae
1370 1977 1712 2055 nituntur
1789 1974 2298 2069 adsertiones,
2387 1976 2592 2052 mihi

656 2073 887 2151 valde
932 2072 1305 2151 lubricum
1357 2074 1682 2153 videtur.
1786 2076 2090 2153 Scilicet
2169 2077 2256 2151 in
2336 2076 2592 2153 confi-

658 2170 941 2251 ciendo
994 2173 1279 2249 aethere
1317 2199 1468 2275 ope
1515 2173 1714 2251 acidi
1761 2178 2124 2254 vitriolici
2161 2176 2292 2253 vel
2341 2180 2588 2253 nitro-

660 2273 719 2355 fi
769 2274 1091 2351 multum
1140 2274 1472 2351 obtinuit
1519 2276 1714 2351 acidi
1758 2282 1958 2353 aerei
1987 2332 2010 2369 ,
2061 2276 2276 2379 quod
2331 2274 2478 2354 sub
2531 2279 2590 2352 i-

722 2373 797 2452 sa
848 2377 1295 2476 operatione
1351 2378 1694 2479 genitum
1743 2377 2136 2471 adfirmat,
2198 2377 2332 2455 sed
2403 2403 2592 2481 pro-

647 2496 655 2505 “
723 2500 763 2553 e
814 2498 1166 2552 notemus
1223 2498 1564 2576 oportet,
1625 2503 1980 2578 magnam
2029 2479 2338 2581 spiritus
2419 2482 2590 2556 vini

668 2577 973 2677 copiam
1024 2575 1239 2651 simul
1328 2577 1631 2686 ingredi
1705 2584 2372 2682 praeparationem.
2501 2581 2592 2657 In

661 2678 926 2780 regnis
975 2696 1221 2752 autem
1278 2681 1661 2780 organicis
1709 2681 2008 2770 acidum
2063 2692 2376 2758 aereum
2436 2681 2594 2760 val·

661 2780 763 2853 de
816 2775 897 2852 δι
948 2774 1111 2852 fere
1165 2778 1442 2876 ubique
1506 2778 1834 2856 abundat
1864 2835 1886 2873 ‚
1952 2807 2106 2881 quo
2166 2781 2413 2885 igitur
2476 2785 2598 2884 ju-

660 2899 749 2954 re
801 2874 1147 2976 spiritua,
1194 2899 1238 2955 e
1292 2880 1842 2981 vegetabilibus
1886 2904 2144 2969 ortus,
2203 2906 2304 2962 eo
2365 2888 2597 2984 peni·

628 3001 784 3078 ‘tus
838 2976 1201 3079 spoliatus,
1300 2977 1607 3056 utatur?
1667 2980 1926 3082 Qum
1983 2983 2112 3061 hic
2155 2983 2592 3062 admodum

661 3079 752 3158 fit
794 3079 1169 3182 volatilis,
1252 3079 1414 3156 olus
1462 3083 1542 3155 in
1593 3082 1768 3159 vase
1839 3083 2090 3160 clauso
2151 3085 2360 3190 ignis
2425 3090 2594 3169 vim

664 3177 902 3255 eludit
937 3179 1015 3257 δι
1050 3183 1349 3282 integer
1388 3201 1640 3257 manet
1669 3239 1692 3274 ‚
1735 3181 1864 3258 sed
1918 3183 2196 3262 ardens
2251 3188 2594 3280 acidum,

669 3288 975 3353 aereum
1049 3282 1388 3381 promit,
1459 3282 1791 3382 itemque
1858 3282 2046 3360 forti
2123 3285 2274 3362 alio
2361 3287 2593 3366 acido

662 3377 1307 3471 admixto.‚·illius
1359 3400 1654 3458 textura
1724 3386 2102 3486 rumpitur
2176 3386 2260 3466 δι
2336 3387 2594 3465 modo

667 3479 1149 3556 nominatum
1200 3479 1735 3560 subtiliffimum
1808 3485 2196 3563 evolvitur
2277 3490 2592 3566 acidum

666 3595 885 3654 antea
936 3579 1191 3657 latens.
1321 3581 1737 3676 Praeterea,
1815 3610 2301 3688 quocumque
2377 3590 2593 3666 adhi-

664 3676 825 3759 bito
860 3683 1095 3760 acido
1151 3682 1410 3760 aether
1463 3708 1966 3788 praeparatur,
2015 3691 2248 3772 etiam
2307 3693 2592 3773 muria·

1180 3809 1187 3814 ’
2213 3813 2222 3822 “
2432 3811 2588 3871 nco
