2760 4749
628 312 756 404 De
814 310 1355 427 Pracipitatis
1411 310 1877 404 Metallieis.
2019 341 2209 454 Ι377

322 529 805 611 Mercurium
860 526 1160 635 dulcem
1214 524 1408 618 abit,
1452 530 1602 629 qui·
1631 511 2214 632 hydrarssyrum
2323 564 2326 571 ·

318 630 670 707 continet
723 630 805 706 δι
870 628 1313 705 calcinatum
1354 630 1448 707 ’δι
1502 629 1968 730 completum
2018 629 2112 727 ὦ),

490 782 958 862 Somnoan
1008 780 1406 882 completae
1473 782 1896 885 generatim
1969 780 2216 881 limpi-

322 880 447 958 dae
505 880 655 959 effe
702 880 1031 970 debent,
1083 882 1163 958 δι
1224 885 1609 969 nonnullae
1728 902 2034 959 raeterea
2099 906 2220 957 co·

312 981 489 1061 lore
537 985 852 1086 proprio
906 980 1508 1086 distinguuntur,
1555 1008 1646 1061 eo
1707 1010 1830 1061 em
1888 982 2220 1085 plerum·

322 1106 521 1183 que,
570 1089 695 1183 qui
745 1082 1069 1161 calcibus
1116 1087 1522 1185 competit,
1583 1084 1712 1163 sed
1769 1086 1847 1160 in
1903 1080 2221 1159 humido

318 1182 737 1261 vividiore.
821 1188 925 1261 Ita
989 1187 1151 1263 auri
1214 1186 1293 1262 δι
1342 1185 1646 1288 platinae
1699 1186 2030 1280 flavent,
2095 1210 2221 1285 eu·

316 1290 453 1388 pri
510 1283 996 1363 caerulescunt
1046 1286 1175 1363 vel
1225 1289 1518 1383 virent,
1572 1286 1852 1364 niccoli
1904 1288 2072 1361 laete
2102 1286 2222 1362 vi·

316 1386 660 1489 rescunt,
708 1407 778 1462 at
828 1386 1102 1466 cobalti
1152 1387 1458 1481 rubent,
1549 1390 1897 1489 quamvis
1974 1389 2223 1491 nigre·

320 1485 480 1563 scat
536 1488 751 1579 calx-³¹,
806 1488 1242 1572 observetur
1284 1511 1536 1565 tamen
1566 1492 1772 1589 quod
1818 1488 2111 1564 rubedo
2147 1510 2214 1562 eo

318 1590 507 1665 tiam
556 1590 631 1663 in
688 1587 1170 1692 nigredinem
1226 1588 1676 1667 condensari
1723 1611 1966 1689 queat.
2041 1589 2221 1663 Fer-

318 1714 499 1765 rum
554 1690 852 1764 modice
902 1688 1345 1768 calcinatum
1386 1693 1625 1782 viret,
1676 1689 1802 1766 sed
1837 1690 2004 1774 heic
2047 1712 2220 1763 raro

316 1788 641 1892 perfistit
681 1790 1036 1867 facillime
1078 1792 1378 1871 ulterius
1412 1788 2220 1895 dephlogisticandum.

320 1890 591 1970 Calces
624 1891 809 1966 albae
852 1893 1212 1993 argentis
1239 1892 1572 1992 plumbi,
1613 1890 1894 1987 stanni,
1944 1890 2221 1967 vismu-
2323 1916 2329 1925 ·

319 1993 426 2083 ti,
500 1989 854 2081 arsenici,
918 1993 1167 2087 zinci,
1232 1995 1633 2070 anti'monii
1710 1993 1792 2070 &
1861 1991 2226 2097 magnefii

319 2092 480 2169 fine
528 2091 766 2174 tinstu
820 2090 1249 2186 solvuntur,
1296 2094 1685 2195 plumbum
1715 2115 1996 2189 tamen,
2029 2093 2226 2169 stan·

320 2218 512 2269 num
562 2191 642 2270 &
692 2198 1194 2270 antimonium
1243 2219 1512 2295 parum
1553 2196 1880 2288 flavent,
1935 2193 2069 2270 nifi
2121 2190 2224 2269 sa-

321 2297 424 2377 tis
480 2293 732 2372 diluta.
863 2293 1478 2400 Hydrargyrum
1554 2296 1964 2373 notabilem
2043 2295 2225 2370 facit

323 2399 913 2496 exceptionem,
964 2398 1172 2495 cujus
1233 2397 1400 2472 calx
1477 2399 1811 2478 aurantia
1883 2395 2037 2474 fine
2096 2419 2224 2472 co·

321 2497 495 2580 lore
546 2497 941 2583 menstruis
993 2495 1406 2602 suscipitur.

484 2661 716 2762 Qon
764 2657 1205 2764 phlogiston
1261 2661 1608 2740 colorum
1654 2663 1742 2741 fit
1777 2663 2226 2764 palmarium

326 2759 954 2856 fundamentum,
1004 2764 1180 2840 heic
1208 2769 1428 2840 etiam
1479 2766 1736 2842 elucet.
1843 2764 2036 2842 Calx
2069 2787 2230 2839 ma-

391 2863 564 2942 nefii
623 2868 843 2966 nigra
909 2865 1207 2940 acidum
1269 2866 1560 2942 vitrioli
1630 2866 1863 2941 rubro
1935 2864 2226 2954 inficit,

362 2963 461 3042 ed
498 2965 780 3043 addito
808 2961 1167 3043 saccharo
1200 2967 1452 3042 omnis
1491 2965 1778 3042 deletur
1849 2964 2121 3050 tinans
2147 2961 2225 3060 l).

319 3065 663 3146 Acidum
713 3064 1077 3144 nitrosum
1127 3089 1365 3166 cupro
1439 3067 1526 3142 fit
1595 3068 2030 3159 caeruleum,
2102 3061 2229 3139 sed

323 3168 643 3269 copiose
689 3168 945 3250 addito
1002 3164 1512 3247 saturatiffime
1561 3167 1903 3246 virescit:
1959 3165 2228 3244 muria·

320 3272 567 3346 ticum
646 3269 893 3348 minus
976 3265 1616 3371 dephlogisticans
1693 3273 1917 3348 etiam
1985 3269 2239 3351 viret,

320 3367 462 3448 sed
496 3367 769 3446 tinetas
799 3394 1008 3467 aquae
1047 3369 1306 3469 inopia
1336 3369 1782 3448 condensari
1822 3367 2107 3472 potest,
2145 3385 2230 3442 ut

320 3468 583 3558 fuscus
652 3489 1027 3572 appareat.
1144 3473 1481 3575 Argenti
1543 3471 2002 3565 solutionem
2069 3491 2258 3577 non¹

1168 3573 1244 3648 A
1275 3597 1317 3648 a
1352 3599 1388 3668 5
2013 3593 2238 3654 num-¹.

422 3739 491 3815 k)
530 3743 659 3806 Aa.
694 3739 932 3806 Stoekh.
983 3747 1165 3814 1778.

296 3853 303 3860 ·
427 3825 481 3906 Ι)
518 3820 613 3889 De
658 3826 891 3891 minevio
926 3823 1061 3888 ferri
1107 3826 1252 3889 albin
1298 3829 1363 3905 §.'
1397 3817 1541 3890 VH.
