2760 4749
779 347 910 438 De
969 367 1190 438 terra
1219 345 1555 462 filicem·
1985 381 2111 470 33.

197 563 848 644 denominationis
877 585 972 640 ex
1000 563 1481 663 sequentibus
1528 561 1812 665 patebit
1854 561 1940 667 (§.
1963 565 2095 666 V).

359 667 490 741 UT
567 664 1090 764 exploraretur
1171 664 1392 764 hujus
1488 663 1679 740 acidi
1750 663 2099 747 solvendi

200 768 438 842 virtus
489 789 694 840 anno
759 789 947 858 1772
997 763 1379 866 quartsum
1435 767 1840 844 tenerrime
1900 768 2097 844 divi-

197 867 362 944 sum
440 865 769 968 lagenae,
821 873 874 967 3¹3-
933 866 1273 940 canthari
1358 867 1827 958 continenti,
1898 865 2096 944 indi·

197 989 358 1042 tum
413 967 600 1055 fuit,
651 991 816 1064 quae
873 967 1050 1040 dein
1090 967 1360 1041 leviter
1421 966 1763 1044 obturata
1826 968 1902 1043 in
1967 994 2096 1045 an-

200 1069 387 1168 gulo
451 1063 692 1141 musei
743 1065 1063 1166 repofita
1131 1067 1442 1164 quievit.
1560 1067 1875 1144 Duobus
1951 1066 2096 1147 ela·

203 1169 346 1268 psts
396 1170 612 1242 annis
654 1167 776 1240 illa
825 1167 1441 1260 examinabatur,
1493 1167 1573 1244 &
1624 1168 1918 1267 liquido
1980 1166 2099 1246 ef-

209 1267 368 1344 fuso
413 1267 504 1342 ad
559 1266 876 1344 fundum
910 1290 1278 1344 concretae
1301 1269 1861 1362 occurrebant,
1908 1297 2097 1370 prae·

207 1391 322 1444 ter
397 1369 798 1445 innumera
883 1367 1176 1469 spicula⁴
1231 1369 1663 1469 prismatica
1728 1394 2097 1470 perquam

199 1470 493 1554 tenuia,
541 1467 867 1570 crystalli
933 1493 1058 1564 13,
1111 1471 1368 1569 parvis
1418 1467 1587 1569 pifis
1639 1471 2097 1574 magnitudi-

195 1593 298 1647 ne
349 1570 920 1668 comparandae,
949 1567 1208 1670 'figura
1261 1593 1448 1646 vero
1493 1570 1871 1668 pleraeque
1909 1575 2099 1650 irre·

195 1671 499 1776 gulares
547 1690 783 1744 erant.
885 1668 1304 1746 Nonnullae
1364 1669 1595 1745 cubos
1633 1670 2097 1766 referebant,

195 1795 532 1873 quorum
591 1792 860 1845 omnes
909 1771 1162 1872 anguli
1211 1770 1376 1844 sunt
1428 1775 1789 1860 truncati,
1840 1763 2100 1868 quales
2146 1779 2149 1784 ’

193 1899 369 1949 non
421 1897 595 1946 raro
657 1874 738 1944 in
784 1873 1224 1946 cavitatibus
1271 1869 1555 1946 filicum
1607 1873 1924 1966 reperiri
1986 1871 2101 1948 so-

195 1973 389 2055 lent.
490 1973 634 2047 Hae
690 1970 1016 2072 crystalli
1083 1970 1403 2066 filiceae‚
1490 1975 1755 2072 primae
1838 1972 2125 2051 forsan.

196 2097 362 2150 arte
425 2089 866 2172 provocatae
907 2129 932 2166 ,
1004 2071 1218 2147 durae
1301 2072 1612 2171 quidem
1689 2073 1897 2165 sunt,
1966 2072 2100 2150 sed

195 2201 370 2251 non
420 2173 599 2248 dum
646 2169 948 2273 quartso
1008 2172 1537 2271 comparandae
1591 2174 1720 2249 nifi
1795 2172 2101 2268 indole,

199 2287 355 2377 qua
415 2275 666 2350 eidem
726 2271 1062 2372 perfeE'te
1113 2294 1563 2374 congruunt.
1694 2275 1918 2368 Forte
1985 2278 2104 2350 in-

198 2399 505 2482 tegrum
559 2365 960 2473 requiritur
1012 2370 1354 2450 saeculum
1389 2427 1412 2467 ,
1474 2394 1555 2448 ut
1625 2372 1811 2471 justa
1873 2373 2104 2451 exfic-

201 2480 508 2554 catione
561 2474 870 2551 tandem
936 2474 1367 2551 consuetam
1442 2472 1839 2591 adquirayzt
1902 2476 2105 2549 duri-

199 2582 410 2657 tiem.
519 2572 684 2677 Ipsa
735 2577 997 2675 lagena
1036 2579 1282 2670 intuS,
1345 2597 1737 2674 quousque
1811 2573 2103 2673 liquido

199 2676 653 2767 maduerat,
713 2674 1038 2751 obdusta
1114 2676 1634 2777 reperiebatur
1692 2674 2107 2753 tenuiffima

195 2776 557 2881 pellicula
620 2776 862 2869 silicea
895 2830 918 2869 ‚
980 2803 1144 2875 quae
1191 2774 1449 2851 visum*
1492 2772 1647 2851 fere
1690 2762 2052 2879 'fugiebat
2079 2827 2109 2871 2
2227 2734 2273 2845 ,ὁ

197 2877 454 2957 fracto
507 2879 816 2953 demum
872 2880 1073 2953 vitro
1130 2876 1580 2977 separanda,
1635 2875 2107 2977 pellucidiffiq

195 3005 375 3073 ma,
427 2977 703 3055 flexilis
756 2977 836 3055 &
898 2975 1110 3054 iridis
1163 2976 1427 3055 ludens
1474 2979 1877 3057 coloribus·

367 3113 680 3188 ΑιιΑτΑ
731 3108 1235 3211 phaenomena
1299 3110 1617 3187 multum
1685 3109 1905 3187 filicei
1988 3105 2109 3185 stri

199 3210 566 3317 spensum
654 3210 1120 3311 solutumque
1188 3199 1581 3299 testantur,
1657 3236 1836 3288 num
1911 3230 2109 3286 vero

199 3314 624 3417 quidquam
688 3311 957 3412 quartfi
1015 3312 1309 3388 immiffi
1367 3313 1593 3401 fuerit
1646 3312 2110 3414 susceptum,

201 3440 378 3493 non
423 3417 698 3513 liquet,
741 3435 815 3489 at
866 3436 1130 3515 parum
1190 3414 1314 3489 vel
1387 3413 1580 3489 nihil
1644 3414 2109 3491 menstruum

201 3518 362 3617 jam
420 3514 710 3591 subiiss'e
753 3538 945 3591 vcro
1007 3516 1234 3591 fim'ile
1316 3517 1653 3605 videtur,
1708 3540 1941 3614 quum
2013 3510 2109 3597 ab

203 3618 482 3706 initi0‚
533 3614 612 3692 δι’,
665 3615 971 3714 quidem
1028 3640 1186 3717 ope,
1229 3616 1541 3692 caloris.
1593 3612 1722 3691 sub
1769 3613 1924 3715 ipsa
1976 3610 2111 3687 de-

203 3716 622 3797 stillatione.
661 3738 944 3791 tantum
999 3720 1338 3819 recipcre
1382 3721 1755 3819 potuerit,
1807 3736 1886 3791 ut
1926 3714 2110 3787 dein

308 3837 1014 3923 Bexgm.0pufi.Vol.11.
1220 3819 1300 3897 Ο.
1972 3809 2107 3889 sub
