2760 4749
675 315 802 405 De
867 314 1098 406 Tubo
1127 314 1844 430 ferruminatorio,
2082 341 2236 428 503

345 532 593 610 fluxus
634 531 712 606 in
795 531 1124 607 carbone
1196 529 1674 631 expanditur.
1780 539 1885 606 At
1960 531 2041 606 in
2096 529 2243 607 sale

343 629 932 712 microcosmico
979 629 1146 707 fuso
1177 657 1333 707 non
1361 654 1648 708 tantum
1692 629 2031 730 spumam
2067 655 2243 734 pro-

348 757 594 828 creat,
656 731 785 808 sed
839 757 1010 808 cum
1067 735 1356 833 crepitu
1401 733 1653 837 plures
1702 737 1993 810 evomit
2040 735 2246 810 flam·

341 836 618 927 mulas„
662 831 886 910 instar
913 835 1420 938 igniculorum
1461 831 1943 913 festivalium:
2001 839 2245 913 nimio

339 935 514 1015 aestu
565 935 913 1036 explodit
962 935 1362 1035 particulas
1416 936 1689 1040 ignitas
1746 936 2120 1012 evibrans.

499 1036 716 1114 cetu<
759 1036 924 1111 alba
970 1041 1049 1111 in
1131 1036 1463 1112 carbone
1532 1037 1856 1112 flammae
1910 1033 2247 1136 exposita

343 1138 629 1215 luteum
685 1137 927 1213 induit
979 1139 1354 1230 nitorem,
1393 1140 1522 1236 qui
1576 1136 1894 1213 cessante
1943 1138 2250 1213 flamma

343 1236 737 1316 evanescit.
843 1238 1032 1313 Fixa
1079 1235 1299 1314 restat
1353 1238 1434 1315 &
1490 1237 1943 1318 refrastaria.
2077 1237 2249 1313 Flu·

349 1364 490 1416 xus
553 1342 681 1416 vix
736 1342 1172 1442 tinguntur,
1227 1338 1355 1414 sed
1409 1337 1693 1416 fufione
1756 1339 2057 1414 saturati
2116 1337 2247 1414 sub

347 1441 933 1542 refrigeratione
981 1438 1174 1515 fiunt
1215 1442 1480 1540 opaci,
1530 1441 1698 1515 albi.
1805 1440 2044 1516 Circa.
2075 1441 2245 1542 glo·

349 1543 570 1618 bulos
622 1543 702 1615 in
752 1542 1086 1618 carbone
1161 1541 1406 1615 nimbi
1486 1542 1829 1616 oriuntur
1908 1543 2250 1642 ejusdem

349 1642 674 1734 indolis,
721 1667 807 1716 ac
861 1643 1022 1716 calx
1076 1641 1468 1716 metallica.

449 1745 760 1821 chun
789 1740 1108 1818 solutum
1139 1742 1347 1817 nullo
1375 1743 1519 1817 alio
1546 1739 1890 1839 dejicitur
1926 1742 2251 1820 metallo.

1005 1865 1584 1960 Adineraltfhtum.

501 1987 730 2088 Qon
784 1983 1055 2062 acidum
1110 1996 1380 2063 aareum
1448 1984 1663 2070 fovet
1731 1983 1958 2066 instar
2028 1985 2251 2065 calcis

351 2088 696 2168 Zincinae
743 2085 812 2163 se
867 2089 1082 2190 gerit.

504 2191 596 2265 IN
647 2185 1175 2288 Psevdogalenis
1226 2210 1376 2287 ope
1422 2185 1611 2265 ferri
1662 2187 1969 2291 sulphur
2030 2187 2253 2268 adest.

352 2289 504 2367 Hae
561 2291 642 2364 in
694 2289 1025 2365 carbone
1077 2287 1393 2390 sulphur
1438 2286 1717 2391 spirant
1763 2291 2257 2393 plerumque,

353 2393 771 2469 funduntur
827 2390 908 2468 &
948 2390 1328 2466 flammam
1386 2392 1554 2490 plus
1601 2394 1849 2468 minus
1914 2395 2257 2495 tingunt,

353 2494 700 2569 nimbum
732 2492 1220 2567 circumcirca
1267 2492 1763 2593 deponentes.
1813 2494 1873 2569 F
1880 2494 2091 2571 luxus
2119 2493 2257 2571 sol·

351 2615 546 2670 vunt
603 2596 934 2669 matrice·
964 2593 1336 2691 privatas,
1375 2594 1695 2670 martiali
1731 2596 2261 2694 inquinamen-

353 2719 436 2771 to
477 2695 909 2771 inficiuntur
943 2692 1024 2770 &
1051 2691 1496 2769 saturatione
1526 2697 1975 2795 opacitatem
2002 2696 2260 2795 adqui·

358 2818 536 2871 runt
583 2796 956 2888 albidam,
1020 2793 1301 2870 fuscam
1354 2796 1478 2871 vel
1519 2799 1816 2900 nigram
1868 2823 2015 2899 pro
2050 2821 2261 2873 com-

356 2897 755 2999 positionis
804 2899 1188 2977 varietate.

1063 3046 1128 3147 §.
1177 3048 1539 3124 xxxlv.

915 3153 1651 3240 Antimonium.

787 3312 1206 3417 Regulinum
1253 3314 1342 3390 ΕΤ
1384 3314 1828 3391 calcinatum.

519 3414 866 3491 REGutus
919 3418 996 3491 in
1047 3415 1380 3492 carbone
1436 3414 1638 3493 fusus
1689 3418 2117 3519 ignitusque
2184 3442 2267 3495 e·

361 3519 622 3645 legans
672 3514 1538 3649 praebet.spe&aculum,
1582 3516 1949 3694 filguigiro)
1982 3520 2269 3697 {2113}ss

365 3616 1579 3895 ἓὲἱὲυξῖατίιὶὲιίἰῖὓξ’τῗξῐῒῖιὶιὲῑῑξὲἐῗῖ
1612 3640 1779 3795 ῗεᾱυ
1794 3644 2084 3797 ἰηῖεξει
2126 3722 2274 3799 cir-

1341 3842 1368 3896 ι
1411 3843 1468 3917 4
2185 3846 2287 3909 ca,
