2760 4749
360 306 488 393 De
519 304 1026 391 minet-arum
1051 302 1503 409 Docimalia
1526 303 1917 395 'humida.
1973 329 2136 418 447

397 519 760 595 Darae-ru
813 542 1000 594 rarae
1076 515 1294 614 hujus
1357 518 1690 593 materiae
1736 516 1934 592 aliud
2004 540 2139 593 ex·

237 623 768 719 perimentum
832 620 1103 719 exigua
1178 615 1340 691 dost
1392 616 1825 693 instiuimuS.
1928 618 2139 695 scili-

239 741 368 794 cet
421 721 706 796 nudum
758 721 1219 795 extraximus
1281 716 1580 794 acidum
1648 716 1999 811 arsenici‚
2053 718 2137 791 il-

239 818 377 895 lud
429 844 577 921 ope
609 818 968 896 vitriolici
1020 820 1350 919 primum
1406 817 1810 895 evellendo
1842 818 1923 894 &
1958 816 2139 893 dein

236 920 508 1019 spiritu
562 922 723 996 vini
766 918 1367 995 testificatiffimo
1418 917 1942 1009 absorbendo,
2012 914 2143 993 hic

237 1023 452 1095 enim
501 1044 659 1097 non
711 1021 1086 1095 cobaltum
1142 1020 1646 1111 vitriolatum‚
1682 1018 1808 1096 sed
1844 1015 2140 1096 acidum

211 1122 638 1196 ·liberatum
691 1119 912 1197 unice
964 1115 1284 1221 suscipit.
1934 1140 1939 1145 ’

396 1271 823 1349 Conlatum
899 1271 1393 1347 arsenicatum
1474 1270 1809 1349 naturale
1873 1294 2141 1371 aquam

237 1376 380 1448 vix
436 1371 629 1449 subit
662 1427 682 1465 ‚
739 1372 872 1449 nifi
929 1372 1144 1454 acido
1189 1370 1516 1469 quodam
1592 1371 1951 1449 imbutam
1981 1369 2017 1464 ,'
2060 1372 2143 1448 &

237 1476 399 1550 hoc
461 1473 718 1551 medio
783 1473 1105 1549 solutum
1182 1471 1562 1548 deturbari
1628 1470 1853 1547 debet
1918 1471 2181 1546 alkali,

238 1586 535 1662 aerato,
591 1597 671 1649 ut
722 1574 1078 1649 habeatur
1128 1576 1501 1670 quantitas
1571 1572 1847 1647 cobalti
1917 1594 1999 1646 re
2058 1596 2141 1647 u·

237 1676 402 1757 lini.
507 1673 915 1751 Cobaltum
971 1694 1129 1747 arte
1185 1672 1665 1747 arsenicatum
1729 1671 1809 1748 &
1875 1667 1953 1747 su
2041 1673 2140 1746 ci·
2240 1764 2252 1774 s

240 1798 460 1852 enter
535 1774 981 1851 exficcatum
1054 1772 1332 1848 eodem
1409 1770 1485 1849 se
1552 1770 1791 1849 modo
1857 1771 2141 1867 habet,

236 1901 329 1952 ac
380 1875 729 1952 naturale.

404 2022 514 2125 E)
593 2026 790 2104 Nou
867 2048 1278 2123 numquam
1363 2046 1598 2101 ter-ras
1686 2026 2145 2103 examinavi·

237 2152 410 2204 mus
461 2126 628 2227 plus
681 2128 927 2201 minus
975 2124 1399 2232 compactas
1432 2184 1453 2219 ‚
1500 2124 1766 2201 virides
1841 2128 1966 2205 vel
2015 2151 2140 2203 cae·

238 2229 514 2321 rideas,
567 2252 736 2325 quae
789 2227 1198 2327 exploratae
1246 2227 1572 2326 paullum
1629 2227 1905 2317 cobalti¹
1956 2252 2141 2330 pro·
2226 2226 2231 2229 ’

237 2329 482 2422 dunt,
539 2326 668 2431 sed
717 2349 886 2426 quae
931 2326 1503 2428 exploravimus
1546 2324 1989 2427 specimina,
2018 2354 2143 2405 cu-

237 2454 391 2532 pro
459 2431 700 2530 magis
776 2428 1203 2520 abundant,
1295 2426 1709 2530 prssaesertim
1782 2431 2142 2525 caerulea,

237 2557 410 2630 quae
491 2529 720 2606 etiam
795 2527 1294 2618 vehementer
1361 2531 1445 2605 in
1524 2529 1755 2607 acidis
1821 2529 2143 2608 efferve-

235 2633 479 2710 scunt.
603 2626 667 2708 E
746 2628 1240 2706 solutionibus
1326 2632 1657 2731 primum
1752 2630 2143 2730 dejiciatur

235 2753 562 2833 cuprum
617 2728 872 2820 feri-0,
919 2727 1290 2828 liquidum
1342 2733 1521 2807 dein
1573 2731 1665 2805 ad
1703 2731 1971 2810 ficcum
2019 2757 2145 2811 va·

234 2853 466 2935 poret
521 2831 602 2908 &
648 2833 954 2907 tandem
1003 2853 1236 2907 aceto.
1266 2831 1596 2908 solvatur
1660 2830 2141 2918 cobaltinum.

235 2931 297 3010 fi
343 2933 528 3032 quid
585 2930 774 3009 ferri
829 2950 1044 3006 aceto
1098 2932 1312 3008 fimul
1360 2933 1741 3028 adhaeret,
1800 2935 1955 3012 hoc
2006 2935 2141 3014 sub
2246 2987 2251 2994 -

229 3031 688 3112 decostione
735 3029 1158 3110 secernitur.
1339 3071 1346 3076 ·

419 3179 524 3286 F)
603 3184 822 3262 Cant
897 3179 1156 3260 cobalti
1231 3187 1451 3288 nigra
1528 3182 1977 3290 plerumque
2058 3191 2143 3269 in

233 3277 548 3365 maffam
601 3287 864 3363 duram
915 3309 1274 3366 concreta
1321 3290 1740 3389 reperitur,
1805 3289 1938 3368 sub
2008 3318 2144 3370 no-

232 3389 448 3464 mine
518 3387 834 3463 mineroe
893 3385 1148 3464 cobalti
1217 3390 1463 3466 vitreae
1514 3413 1611 3465 co
1673 3393 1841 3474 nita.
1946 3393 2141 3472 Haec

231 3489 636 3591 pulverata
691 3509 879 3586 aqua
926 3491 1130 3593 regis
1178 3489 1301 3566 vel
1347 3489 1566 3568 acido
1652 3492 1781 3568 alis
1840 3491 2142 3598 suscipi-

231 3613 410 3684 tur,
491 3587 573 3665 &
657 3592 1076 3666 examinari
1147 3589 1387 3689 potest
1441 3613 1523 3666 ut
1588 3592 2141 3672 antecedentes.

231 3688 624 3768 Nondum
675 3692 757 3766 in
808 3688 1016 3766 hisce
1068 3689 1366 3766 acidum
1414 3700 1718 3768 a‘e'reum
1773 3691 1956 3773 cert'i
2003 3699 2142 3770 ob-

233 3791 737 3870 servavimus,
1571 3881 1580 3891 ,
1850 3796 1914 3896 §.
1963 3798 2136 3874 XV.
