2760 4749
471 335 596 424 De
662 338 888 426 Tubo
911 337 1629 452 ftrruminatorim
1859 373 2022 461 497

141 551 594 635 cumdatum.
702 554 902 635 Cum
955 556 1234 634 borace
1283 556 1511 633 maffa
1558 556 1863 636 ustulata
1932 585 2048 640 re·

127 654 392 758 guium
459 658 676 732 citius
729 655 1069 733 secernit.

289 809 438 883 Um
505 809 796 884 ferrum
874 807 1104 900 inest,
1161 810 1308 888 sed
1359 823 1647 914 parce,
1708 810 2044 914 primum

125 907 492 984 ustuletur
547 933 868 1012 granum
920 912 1469 1011 explorandum
1512 971 1535 1004 ,
1584 916 1761 989 dein
1828 914 2049 990 bora-

129 1035 222 1090 ce
273 1007 596 1087 solvatur
641 1009 720 1086 δε
767 1012 1214 1088 immittatur
1262 1012 1632 1106 stannum,
1687 1012 1893 1113 quod
1929 1041 2051 1090 cu-

127 1135 362 1212 prum
419 1111 789 1188 deturbat.
908 1113 1332 1189 Sufficiente
1404 1115 1903 1191 calcinatione
1973 1115 2053 1191 &

129 1211 421 1290 fufione
457 1214 677 1288 etiam
731 1211 882 1288 fine
935 1217 1457 1315 praecipitante
1514 1217 1904 1292 obtinetur
1939 1241 2057 1294 re·

129 1314 400 1419 gulus,
460 1313 593 1388 nist
639 1314 1049 1390 admodum
1124 1339 1414 1418 pauper
1461 1317 1549 1392 fit
1615 1322 1929 1393 minera.

293 1467 633 1566 QANoo
723 1468 1021 1569 pyrites
1096 1493 1411 1569 cuprum
1490 1474 1825 1545 continet
1900 1479 2053 1568 Ϊέδ

121 1569 496 1676 ponderis
559 1592 772 1670 parte
860 1567 1142 1661 leviuS‚
1215 1567 1416 1643 hisce
1468 1591 1723 1644 tamen
1788 1573 2048 1669 parvis

115 1671 663 1750 tentaminibus
768 1671 1102 1766 ejusdem
1184 1670 1582 1769 praesentia
1674 1669 2051 1746 denudari

111 1769 394 1878 potest.
502 1773 850 1858 ,Granum
944 1769 1460 1872 magnitudine
1533 1768 1835 1846 seminis
1904 1771 2042 1846 lini

111 1874 525 1963 ustulatur,
607 1871 735 1946 sed
806 1895 964 1945 non
1037 1873 1181 1960 ita,
1239 1890 1325 1945 ut
1394 1895 1626 1946 omne
1696 1873 2044 1973 abigatur

113 1973 458 2073 sulphur.
559 1973 762 2048 Dein
817 1973 1094 2046 borace
1149 1970 1344 2046 bene
1402 1971 1770 2063 solvatur,
1828 1973 2045 2048 filum

109 2073 446 2152 nitidum
505 2073 684 2149 ferri
744 2071 1053 2148 addatur
1127 2072 1206 2148 &
1261 2070 1454 2148 fufio
1512 2076 2047 2166 continuetur,

107 2177 368 2255 donec
415 2173 844 2275 superficies
905 2171 1353 2275 refrigerata
1420 2175 1754 2249 nitorem
1826 2177 2043 2250 amit-

109 2302 250 2356 tat.
357 2278 689 2352 Tantum
746 2274 1038 2350 boracis
1111 2277 1563 2372 requiritur,
1645 2295 1725 2350 ut
1780 2274 2048 2380 globu-

113 2383 238 2455 lus
295 2374 900 2482 magnitudinem
969 2373 1277 2451 seminis
1343 2376 1747 2451 cannabini
1794 2379 2047 2452 nanci-

111 2482 393 2560 scatur.
499 2479 559 2555 F
565 2478 863 2553 luiditas
917 2476 1328 2554 admodum
1380 2478 1588 2553 tarda
1641 2499 1909 2567 nocet,
1966 2478 2047 2555 δε

113 2582 477 2659 tenuitate
525 2577 709 2680 justa
769 2578 1062 2679 majore
1130 2573 1627 2680 ptaecipitatio
1704 2578 2043 2653 retarda-

111 2708 244 2758 tur
279 2734 300 2771 ,
385 2679 720 2782 pauxillo
821 2682 1042 2754 calcis
1134 2678 1613 2781 corrigenda.
1742 2678 2049 2753 Incom-

111 2782 356 2857 moda
410 2781 657 2857 adfert
742 2782 976 2854 nimia
1023 2781 1448 2854 calcinatio:
1543 2778 1893 2880 globulus
1960 2778 2047 2855 fit

107 2880 370 2960 tardus
407 2936 428 2975 ,
479 2881 808 2991 paullum
867 2881 1368 2981 expanditur,
1421 2879 1743 2983 regescit
1800 2876 2037 2955 nodo·

105 2984 281 3074 suS,
335 2986 744 3059 carbonem
799 2980 1109 3057 fervens
1140 2983 1533 3074 corrodit,
1567 2980 1857 3057 ferrum
1910 2981 2038 3059 de·

106 3107 432 3163 voratur
485 3086 564 3160 &
625 3110 940 3187 cuprum
1001 3108 1155 3159 non
1218 3084 1504 3159 decidit
1582 3082 2038 3162 distincstum.

97 3188 293 3262 Hoc
351 3188 614 3261 vitium
672 3188 1146 3288 portiuncula
1195 3190 1507 3265 minerae
1588 3188 1847 3264 crudae
1905 3186 2031 3262 ad-

95 3289 270 3362 dita
325 3288 787 3364 emendatur.

266 3442 344 3515 81
406 3443 748 3542 globulus
787 3447 924 3522 rite
975 3446 1066 3524 ad
1109 3446 1629 3551 praescriptum
1678 3444 1876 3523 fusus
1910 3440 2042 3535 est,

89 3566 343 3628 mort,
425 3544 742 3620 cessante
793 3548 1097 3625 flamma
1131 3604 1151 3643 ,
1209 3553 1284 3625 in
1351 3577 1617 3649 aquam
1672 3546 2035 3649 frigidam

87 3644 592 3736 demittatur,
641 3645 874 3725 subita
912 3650 1494 3757 refrigeratione
1540 3644 2031 3755 frangendus.

93 3747 185 3823 Si
247 3768 690 3826 contentum
747 3778 1108 3855 cupreum
1163 3754 1356 3830 infra
1428 3764 1578 3855 ῑὲ-ὁ-
1650 3752 2037 3832 descendit

185 3866 419 3954 Bergm.
445 3873 640 3954 opqsc.
668 3872 792 3941 V01.
814 3873 902 3936 11.
1120 3854 1154 3931 1
1206 3858 1233 3930 i
1844 3856 2021 3933 alte·
