2760 4749
859 315 982 428 De
1049 338 1268 407 terra
1309 317 1643 427 silicea:
1766 333 1776 344 '
2076 347 2179 434 41

311 531 474 608 rius
527 527 1025 620 immiscetur,
1078 533 1282 613 unde
1339 553 1493 609 tota
1551 527 1777 606 maffa
1821 541 2035 609 aerea
2091 553 2187 612 ex

299 630 578 707 indole
626 631 1186 732 inquinamenti
1232 629 1412 708 falso
1457 631 1923 731 dijudicatur.

461 784 725 859 Ftuon
761 785 1143 860 mineralis
1174 810 1344 859 curn
1379 783 1803 886 quadruplo
1848 785 2043 860 acidi
2080 787 2193 861 ni·

312 883 498 961 trost
545 885 670 962 ve'l
721 887 1088 961 muriatici
1127 884 1527 962 destillatus
1564 885 1894 961 {imiliter
1945 884 2018 968 se
2068 885 2191 962 ha-

311 983 466 1072 bet,
498 983 629 1060 sed
671 987 928 1061 minor
969 986 1228 1064 fluoris
1267 989 1633 1084 quantitas
1678 985 2191 1078 volatilisatur‚
2296 1077 2303 1084 ·

311 1085 566 1160 minus
617 1086 815 1160 acidi
865 1086 1123 1162 fluoris
1171 1089 1479 1176 laxatur,
1534 1089 1927 1187 minusque
1964 1087 2190 1164 filicei

263 1232 270 1242 -
318 1183 598 1286 prodit.
662 1187 882 1285 Aqua
938 1189 1368 1289 recipientis
1416 1209 1690 1286 praeter
1744 1189 2003 1264 fluoris
2040 1190 2201 1286 aci·¹

320 1285 500 1386 'dum
531 1285 829 1387 semper
853 1288 1483 1389 decomponenris
1515 1289 1922 1390 quidquam
1952 1289 2202 1372 fovet.'

317 1387 572 1461 lmmo
633 1385 840 1463 acida
900 1413 940 1462 e
990 1412 1234 1490 regno
1289 1391 1703 1491 ¹vegetabili
1755 1391 1834 1466 δε
1888 1389 2191 1466 animali

313 1508 809 1562 concentrata
881 1489 1085 1564 idem
1151 1488 1362 1581 fere,
1436 1489 1563 1564 sed
1638 1491 1881 1566 adhuc
1948 1491 2191 1567 lenius

313 1586 676 1666 efficiunt.
779 1589 1128 1666 Siliceum
1184 1612 1357 1665 tunc
1412 1589 1719 1689 quidem
1780 1594 1855 1664 in
1920 1592 2191 1688 recipi-

315 1711 490 1763 ente
541 1687 987 1788 plerumque
1040 1689 1440 1766 desiderari
1492 1693 1814 1782 videtur,
1868 1691 1947 1766 ὃς
1979 1691 2192 1764 debi-

314 1789 496 1864 liori
566 1789 1176 1889 decomponente
1237 1790 1644 1866 necessario
1712 1794 2005 1892 parcius
2060 1813 2193 1866 ex·
2254 1871 2261 1880 ,

315 1891 618 1992 pellitur
643 1889 939 1968 acidum
969 1893 1254 1981 fluoriS,
1304 1896 1543 1966 immo
1592 1916 1749 1968 non
1781 1915 2189 1992 numquam

319 1991 514 2066 adeo
562 2013 815 2090 parce,
875 2014 958 2066 ut
1005 2015 1098 2067 eo
1150 2014 1651 2092 provocatum
1702 1993 2027 2067 filiceum
2074 2013 2190 2069 to-

317 2111 480 2165 tum
565 2111 924 2189 quantum
1005 2092 1376 2184 solvatur,
1432 2093 1635 2192 quod
1701 2117 1952 2168 tamen
2017 2120 2058 2170 e
2107 2093 2190 2168 li-

325 2215 568 2290 quore
637 2216 786 2292 ope
854 2193 1065 2269 alkali
1138 2195 1460 2268 volatilis
1533 2193 1745 2267 facile
1816 2194 2183 2290 dejicitur.

321 2293 750 2372 Secundum
813 2318 1094 2368 novam
1149 2293 1606 2368 attraffionis
1668 2293 1993 2368 tabulam
2053 2295 2193 2367 aci·

322 2394 505 2477 dum
579 2394 876 2483 fluoris,
938 2393 1279 2495 respectu
1365 2395 1582 2468 c'alcis
1655 2402 1879 2469 ctiam
1953 2396 2194 2469 nitro·

323 2492 447 2585 so,
513 2496 956 2585 muriatico,
1012 2498 1317 2594 aliisque
1363 2494 1729 2595 praevalet
1780 2496 1911 2587 x),
1961 2492 2191 2592 idque

323 2596 806 2695 experientiae
907 2617 1463 2699 congruenter,
1560 2596 1685 2669 sed
1783 2592 2189 2669 accedente

321 2698 575 2771 calore
632 2694 1062 2787 volatiliuS‚
1142 2698 1488 2795 quamvis
1535 2693 1849 2788 fortiuS‚
1919 2692 2190 2769 cedere

323 2798 644 2900 cogitur.
697 2797 869 2899 Igni
913 2818 1166 2872 tamen
1221 2794 1359 2871 soli
1410 2798 1895 2897 pertinaciter
1932 2794 2193 2871 refistit

321 2896 526 2973 idem
565 2950 586 2988 2
670 2895 798 2971 sed
871 2896 1274 2996 adjuvante
1340 2895 1487 2971 alio
1557 2896 1774 2973 acido
1848 2894 2194 2971 modicus

321 2999 598 3075 caloris
644 2995 918 3099 gradus
970 2996 1251 3074 sufficit.
1321 2998 1552 3073 Fluor
1603 2997 1985 3073 minei-alis
2032 2996 2193 3097 plu-

321 3102 472 3176 ries
520 3100 852 3174 candens
883 3098 964 3173 δι
997 3123 1182 3197 aqua
1231 3097 1623 3175 exstinctus
1664 3098 1902 3173 nihilo
1954 3100 2198 3173 minus*

321 3225 496 3279 cum
553 3196 772 3285 acido
827 3200 1109 3275 vitrioli
1175 3198 1573 3275 destillatus
1619 3196 1752 3275 fibi
1796 3198 2197 3299 proprium

319 3296 625 3377 acidum
675 3323 889 3375 more
939 3297 1293 3375 consueto
1343 3299 1587 3382 laxat.·

477 3454 875 3547 PLERAQUE
939 3472 1375 3528 enumerata
1440 3437 1942 3551 phaenomena
1999 3446 2201 3525 haud

323 3550 722 3629 difficulter
757 3554 1303 3729 intelligunng,
1332 3551 1621 3654 politos
1654 3550 1863 3655 quod
1887 3549 2200 3729 acigum

475 3690 484 3704 .
1311 3678 1366 3749 ς·
2074 3674 2200 3729 UO·

331 3866 339 3874 ·
411 3828 492 3905 x)
533 3826 715 3891 Nova
751 3823 890 3891 Λᾶ.
933 3821 1078 3909 ups.
1109 3824 1224 3888 vol.
1267 3824 1352 3892 11.
