<?xml version="1.0" encoding="UTF-8"?>
<!DOCTYPE html PUBLIC "-//W3C//DTD XHTML 1.0 Transitional//EN"
    "http://www.w3.org/TR/xhtml1/DTD/xhtml1-transitional.dtd">
<html xmlns="http://www.w3.org/1999/xhtml" xml:lang="en" lang="en">
 <head>
  <title>
</title>
<meta http-equiv="Content-Type" content="text/html;charset=utf-8" />
  <meta name='ocr-system' content='tesseract 3.04.00' />
  <meta name='ocr-capabilities' content='ocr_page ocr_carea ocr_par ocr_line ocrx_word'/>
</head>
<body>
  <div class='ocr_page' id='page_1' title='image "./opusculaphysica04berggoog/opusculaphysica04berggoog_0132.png"; bbox 0 0 2760 4749; ppageno 0'>
   <div class='ocr_carea' id='block_1_1' title="bbox 592 275 2052 372">
    <p class='ocr_par' dir='ltr' id='par_1_1' title="bbox 592 275 2052 372">
     <span class='ocr_line' id='line_1_1' title="bbox 592 275 2052 372; baseline -0.001 -2"><span class='ocrx_word' id='word_1_1' title='bbox 592 286 749 372; x_wconf 83' lang='lat'>126</span> <span class='ocrx_word' id='word_1_2' title='bbox 1085 275 1206 369; x_wconf 86' lang='lat' dir='ltr'>De</span> <span class='ocrx_word' id='word_1_3' title='bbox 1266 297 1496 366; x_wconf 80' lang='lat' dir='ltr'>terra·</span> <span class='ocrx_word' id='word_1_4' title='bbox 1541 278 2052 368; x_wconf 80' lang='lat' dir='ltr'>Turmalin&#39;i.</span> 
     </span>
    </p>
   </div>
   <div class='ocr_carea' id='block_1_2' title="bbox 482 483 2460 700">
    <p class='ocr_par' dir='ltr' id='par_1_2' title="bbox 482 483 2460 700">
     <span class='ocr_line' id='line_1_2' title="bbox 576 483 2460 668; baseline 0.001 -97"><span class='ocrx_word' id='word_1_5' title='bbox 576 519 701 571; x_wconf 87' lang='lat' dir='ltr'>vo.</span> <span class='ocrx_word' id='word_1_6' title='bbox 759 489 1085 668; x_wconf 63' lang='lat' dir='ltr'>f⁰f⁶}‘¹¹⁵</span> <span class='ocrx_word' id='word_1_7' title='bbox 1175 491 1450 592; x_wconf 80' lang='lat' dir='ltr'>majori</span> <span class='ocrx_word' id='word_1_8' title='bbox 1481 576 1492 586; x_wconf 16' lang='grc' dir='ltr'><strong><em>κ</em></strong></span> <span class='ocrx_word' id='word_1_9' title='bbox 1519 507 1764 569; x_wconf 79' lang='lat' dir='ltr'>autem</span> <span class='ocrx_word' id='word_1_10' title='bbox 1835 494 2290 596; x_wconf 78' lang='lat' dir='ltr'><strong>opacitatem</strong></span> <span class='ocrx_word' id='word_1_11' title='bbox 2357 483 2460 572; x_wconf 79' lang='lat' dir='ltr'>ni·</span> 
     </span>
     <span class='ocr_line' id='line_1_3' title="bbox 482 617 1099 700; baseline 0.008 -31"><span class='ocrx_word' id='word_1_12' title='bbox 482 631 489 638; x_wconf 96' lang='lat'>·</span> <span class='ocrx_word' id='word_1_13' title='bbox 575 619 802 700; x_wconf 84' lang='lat' dir='ltr'>gram</span> <span class='ocrx_word' id='word_1_14' title='bbox 847 621 925 670; x_wconf 85' lang='lat' dir='ltr'>m</span> <span class='ocrx_word' id='word_1_15' title='bbox 968 617 1099 675; x_wconf 85' lang='lat' dir='ltr'>ert.</span> 
     </span>
    </p>
   </div>
   <div class='ocr_carea' id='block_1_3' title="bbox 574 709 2459 950">
    <p class='ocr_par' dir='ltr' id='par_1_3' title="bbox 574 709 2459 950">
     <span class='ocr_line' id='line_1_4' title="bbox 727 709 2459 848; baseline 0.001 -25"><span class='ocrx_word' id='word_1_16' title='bbox 727 746 835 848; x_wconf 93' lang='lat' dir='ltr'>D)</span> <span class='ocrx_word' id='word_1_17' title='bbox 885 751 1182 823; x_wconf 63' lang='lat' dir='ltr'>Arum</span> <span class='ocrx_word' id='word_1_18' title='bbox 1230 736 1592 821; x_wconf 80' lang='lat' dir='ltr'>minerale</span> <span class='ocrx_word' id='word_1_19' title='bbox 1637 709 2459 844; x_wconf 37' lang='lat' dir='ltr'>fusum-Turmaliniini</span> 
     </span>
     <span class='ocr_line' id='line_1_5' title="bbox 574 841 2458 950; baseline -0.001 -26"><span class='ocrx_word' id='word_1_20' title='bbox 574 850 853 950; x_wconf 84' lang='lat' dir='ltr'>recipit</span> <span class='ocrx_word' id='word_1_21' title='bbox 910 875 1083 924; x_wconf 89' lang='lat' dir='ltr'>cum</span> <span class='ocrx_word' id='word_1_22' title='bbox 1136 841 1750 938; x_wconf 86' lang='lat' dir='ltr'>effervescentia,</span> <span class='ocrx_word' id='word_1_23' title='bbox 1807 845 1936 922; x_wconf 82' lang='lat' dir='ltr'>sed</span> <span class='ocrx_word' id='word_1_24' title='bbox 1992 851 2245 926; x_wconf 85' lang='lat' dir='ltr'>minus</span> <span class='ocrx_word' id='word_1_25' title='bbox 2297 872 2458 924; x_wconf 85' lang='lat' dir='ltr'>eon·</span> 
     </span>
    </p>
   </div>
   <div class='ocr_carea' id='block_1_4' title="bbox 574 945 2596 1050">
    <p class='ocr_par' dir='ltr' id='par_1_4' title="bbox 574 945 2596 1050">
     <span class='ocr_line' id='line_1_6' title="bbox 574 945 2596 1050; baseline -0.001 -25"><span class='ocrx_word' id='word_1_26' title='bbox 574 947 867 1050; x_wconf 89' lang='lat' dir='ltr'>spicua,</span> <span class='ocrx_word' id='word_1_27' title='bbox 932 972 1161 1048; x_wconf 87' lang='lat' dir='ltr'>quam</span> <span class='ocrx_word' id='word_1_28' title='bbox 1221 971 1261 1022; x_wconf 85' lang='lat' dir='ltr'>a</span> <span class='ocrx_word' id='word_1_29' title='bbox 1314 945 1615 1047; x_wconf 86' lang='lat' dir='ltr'>quartso</span> <span class='ocrx_word' id='word_1_30' title='bbox 1711 951 2056 1024; x_wconf 81' lang='lat' dir='ltr'>excitata.</span> <span class='ocrx_word' id='word_1_31' title='bbox 2188 950 2460 1026; x_wconf 84' lang='lat' dir='ltr'>Frustu·</span> <span class='ocrx_word' id='word_1_32' title='bbox 2588 981 2596 988; x_wconf 90' lang='lat'><strong>·</strong></span> 
     </span>
    </p>
   </div>
   <div class='ocr_carea' id='block_1_5' title="bbox 572 1047 2460 1356">
    <p class='ocr_par' dir='ltr' id='par_1_5' title="bbox 572 1047 2460 1356">
     <span class='ocr_line' id='line_1_7' title="bbox 574 1047 2459 1148; baseline -0.001 -22"><span class='ocrx_word' id='word_1_33' title='bbox 574 1053 731 1126; x_wconf 86' lang='lat' dir='ltr'>lum</span> <span class='ocrx_word' id='word_1_34' title='bbox 785 1048 1193 1124; x_wconf 78' lang='lat' dir='ltr'>immiss&#39;utn</span> <span class='ocrx_word' id='word_1_35' title='bbox 1240 1053 1319 1124; x_wconf 85' lang='lat' dir='ltr'>in</span> <span class='ocrx_word' id='word_1_36' title='bbox 1394 1048 1790 1148; x_wconf 86' lang='lat' dir='ltr'>pulverem</span> <span class='ocrx_word' id='word_1_37' title='bbox 1854 1047 2281 1148; x_wconf 69' lang='lat' dir='ltr'>dividitur,</span> <span class='ocrx_word' id='word_1_38' title='bbox 2343 1047 2459 1126; x_wconf 87' lang='lat' dir='ltr'>sed</span> 
     </span>
     <span class='ocr_line' id='line_1_8' title="bbox 574 1149 2460 1256; baseline 0.001 -29"><span class='ocrx_word' id='word_1_39' title='bbox 574 1151 1024 1253; x_wconf 59' lang='lat' dir='ltr'>imperfei&#39;te</span> <span class='ocrx_word' id='word_1_40' title='bbox 1092 1149 1428 1225; x_wconf 89' lang='lat' dir='ltr'>solvitur.</span> <span class='ocrx_word' id='word_1_41' title='bbox 1555 1149 2050 1227; x_wconf 83' lang='lat' dir='ltr'>Turmalinus</span> <span class='ocrx_word' id='word_1_42' title='bbox 2121 1155 2341 1256; x_wconf 83' lang='lat' dir='ltr'>niger</span> <span class='ocrx_word' id='word_1_43' title='bbox 2389 1153 2460 1228; x_wconf 67' lang='grc' dir='ltr'>’ὅτι</span> 
     </span>
     <span class='ocr_line' id='line_1_9' title="bbox 572 1247 1600 1356; baseline -0.006 -26"><span class='ocrx_word' id='word_1_44' title='bbox 572 1277 853 1356; x_wconf 83' lang='lat' dir='ltr'>opacus</span> <span class='ocrx_word' id='word_1_45' title='bbox 902 1251 1295 1356; x_wconf 84' lang='lat' dir='ltr'>globulum</span> <span class='ocrx_word' id='word_1_46' title='bbox 1342 1247 1600 1324; x_wconf 84' lang='lat' dir='ltr'>fuscat.</span> 
     </span>
    </p>
   </div>
   <div class='ocr_carea' id='block_1_6' title="bbox 570 1391 2458 1892">
    <p class='ocr_par' dir='ltr' id='par_1_6' title="bbox 570 1391 2458 1892">
     <span class='ocr_line' id='line_1_10' title="bbox 728 1391 2458 1505; baseline -0.001 -25"><span class='ocrx_word' id='word_1_47' title='bbox 728 1401 825 1505; x_wconf 84' lang='lat' dir='ltr'>E)</span> <span class='ocrx_word' id='word_1_48' title='bbox 878 1405 1189 1481; x_wconf 61' lang='lat' dir='ltr'>Halm-u</span> <span class='ocrx_word' id='word_1_49' title='bbox 1226 1403 1379 1503; x_wconf 84' lang='lat' dir='ltr'>jam</span> <span class='ocrx_word' id='word_1_50' title='bbox 1435 1391 1818 1500; x_wconf 85' lang='lat' dir='ltr'>descripto</span> <span class='ocrx_word' id='word_1_51' title='bbox 1863 1395 2354 1482; x_wconf 71' lang='lat' dir='ltr'>Turmaiinus</span> <span class='ocrx_word' id='word_1_52' title='bbox 2379 1401 2458 1479; x_wconf 85' lang='lat' dir='ltr'>ad</span> 
     </span>
     <span class='ocr_line' id='line_1_11' title="bbox 574 1503 2456 1606; baseline -0.009 -22"><span class='ocrx_word' id='word_1_53' title='bbox 574 1505 1013 1586; x_wconf 85' lang='lat' dir='ltr'>Schoerlum</span> <span class='ocrx_word' id='word_1_54' title='bbox 1069 1505 1424 1606; x_wconf 79' lang='lat' dir='ltr'>proxime</span> <span class='ocrx_word' id='word_1_55' title='bbox 1479 1503 1809 1592; x_wconf 81' lang='lat' dir='ltr'>accedit,</span> <span class='ocrx_word' id='word_1_56' title='bbox 1864 1509 1993 1606; x_wconf 86' lang='lat' dir='ltr'>qui</span> <span class='ocrx_word' id='word_1_57' title='bbox 2057 1523 2313 1584; x_wconf 80' lang='lat' dir='ltr'>tamen</span> <span class='ocrx_word' id='word_1_58' title='bbox 2365 1505 2456 1579; x_wconf 52' lang='lat' dir='ltr'>saa</span> 
     </span>
     <span class='ocr_line' id='line_1_12' title="bbox 570 1604 2454 1687; baseline -0.004 -1"><span class='ocrx_word' id='word_1_59' title='bbox 570 1608 643 1686; x_wconf 86' lang='lat' dir='ltr'>le</span> <span class='ocrx_word' id='word_1_60' title='bbox 704 1609 1285 1686; x_wconf 87' lang='lat' dir='ltr'>microcosmico</span> <span class='ocrx_word' id='word_1_61' title='bbox 1344 1604 1610 1679; x_wconf 87' lang='lat' dir='ltr'>melius</span> <span class='ocrx_word' id='word_1_62' title='bbox 1671 1605 1992 1682; x_wconf 84' lang='lat' dir='ltr'>solvitur</span> <span class='ocrx_word' id='word_1_63' title='bbox 2043 1608 2128 1687; x_wconf 74' lang='grc' dir='ltr'>ἃ,</span> <span class='ocrx_word' id='word_1_64' title='bbox 2179 1621 2344 1682; x_wconf 81' lang='lat' dir='ltr'>cum</span> <span class='ocrx_word' id='word_1_65' title='bbox 2388 1618 2454 1679; x_wconf 80' lang='lat' dir='ltr'>e&#39;·</span> 
     </span>
     <span class='ocr_line' id='line_1_13' title="bbox 570 1707 2453 1795; baseline -0.004 -8"><span class='ocrx_word' id='word_1_66' title='bbox 570 1711 1005 1789; x_wconf 86' lang='lat' dir='ltr'>videntiore</span> <span class='ocrx_word' id='word_1_67' title='bbox 1074 1707 1577 1795; x_wconf 66' lang='lat' dir='ltr'>ebullitione,</span> <span class='ocrx_word' id='word_1_68' title='bbox 1665 1729 1808 1781; x_wconf 88' lang='lat' dir='ltr'>nec</span> <span class='ocrx_word' id='word_1_69' title='bbox 1867 1725 2026 1784; x_wconf 81' lang='lat' dir='ltr'>non</span> <span class='ocrx_word' id='word_1_70' title='bbox 2089 1713 2172 1786; x_wconf 88' lang='lat' dir='ltr'>in</span> <span class='ocrx_word' id='word_1_71' title='bbox 2251 1707 2453 1782; x_wconf 79' lang='lat' dir='ltr'>alkali</span> 
     </span>
     <span class='ocr_line' id='line_1_14' title="bbox 571 1803 1996 1892; baseline -0.004 0"><span class='ocrx_word' id='word_1_72' title='bbox 571 1813 919 1892; x_wconf 83' lang='lat' dir='ltr'>minerali</span> <span class='ocrx_word' id='word_1_73' title='bbox 965 1805 1491 1888; x_wconf 75' lang='lat' dir='ltr'>vehementius</span> <span class='ocrx_word' id='word_1_74' title='bbox 1540 1803 1996 1888; x_wconf 61' lang='lat' dir='ltr'>effervesciu</span> 
     </span>
    </p>
   </div>
   <div class='ocr_carea' id='block_1_7' title="bbox 536 2124 2449 3101">
    <p class='ocr_par' dir='ltr' id='par_1_7' title="bbox 792 2124 2256 2217">
     <span class='ocr_line' id='line_1_15' title="bbox 792 2124 2256 2217; baseline 0.002 -5"><span class='ocrx_word' id='word_1_75' title='bbox 792 2124 1148 2212; x_wconf 79' lang='lat' dir='ltr'>Habitus</span> <span class='ocrx_word' id='word_1_76' title='bbox 1196 2125 1666 2213; x_wconf 85' lang='lat' dir='ltr'>Turmalini</span> <span class='ocrx_word' id='word_1_77' title='bbox 1723 2143 1918 2213; x_wconf 87' lang='lat' dir='ltr'>cum</span> <span class='ocrx_word' id='word_1_78' title='bbox 1982 2129 2256 2217; x_wconf 77' lang='lat' dir='ltr'>acidis,</span> 
     </span>
    </p>

    <p class='ocr_par' dir='ltr' id='par_1_8' title="bbox 536 2286 2449 3101">
     <span class='ocr_line' id='line_1_16' title="bbox 720 2286 2447 2391; baseline 0 -25"><span class='ocrx_word' id='word_1_79' title='bbox 720 2289 829 2391; x_wconf 85' lang='lat' dir='ltr'>A)</span> <span class='ocrx_word' id='word_1_80' title='bbox 882 2290 1193 2366; x_wconf 66' lang='lat' dir='ltr'>Acmon</span> <span class='ocrx_word' id='word_1_81' title='bbox 1242 2286 1534 2365; x_wconf 88' lang='lat' dir='ltr'>vitrioli</span> <span class='ocrx_word' id='word_1_82' title='bbox 1582 2309 2161 2370; x_wconf 80' lang='lat' dir='ltr'>concentratum</span> <span class='ocrx_word' id='word_1_83' title='bbox 2211 2301 2447 2368; x_wconf 58' lang='lat' dir='ltr'>centes</span> 
     </span>
     <span class='ocr_line' id='line_1_17' title="bbox 564 2390 2449 2495; baseline 0.001 -27"><span class='ocrx_word' id='word_1_84' title='bbox 564 2392 782 2468; x_wconf 84' lang='lat' dir='ltr'>nario</span> <span class='ocrx_word' id='word_1_85' title='bbox 833 2393 1170 2495; x_wconf 87' lang='lat' dir='ltr'>pulveris</span> <span class='ocrx_word' id='word_1_86' title='bbox 1214 2390 1647 2467; x_wconf 83' lang='lat' dir='ltr'>Turmalini</span> <span class='ocrx_word' id='word_1_87' title='bbox 1704 2391 2184 2489; x_wconf 86' lang='lat' dir='ltr'>subtiliffirni,</span> <span class='ocrx_word' id='word_1_88' title='bbox 2251 2396 2449 2470; x_wconf 87' lang='lat' dir='ltr'>lotio·</span> 
     </span>
     <span class='ocr_line' id='line_1_18' title="bbox 568 2488 2447 2597; baseline -0.001 -28"><span class='ocrx_word' id='word_1_89' title='bbox 568 2518 667 2571; x_wconf 86' lang='lat' dir='ltr'>ne</span> <span class='ocrx_word' id='word_1_90' title='bbox 714 2491 1078 2597; x_wconf 85' lang='lat' dir='ltr'>separati,</span> <span class='ocrx_word' id='word_1_91' title='bbox 1128 2488 1468 2571; x_wconf 82' lang='lat' dir='ltr'>adfusum</span> <span class='ocrx_word' id='word_1_92' title='bbox 1512 2490 1856 2591; x_wconf 79' lang='lat' dir='ltr'>pondere·</span> <span class='ocrx_word' id='word_1_93' title='bbox 1918 2493 2194 2595; x_wconf 87' lang='lat' dir='ltr'>triplo,</span> <span class='ocrx_word' id='word_1_94' title='bbox 2252 2498 2326 2570; x_wconf 92' lang='lat' dir='ltr'>in</span> <span class='ocrx_word' id='word_1_95' title='bbox 2378 2519 2447 2567; x_wconf 85' lang='lat' dir='ltr'>e·</span> 
     </span>
     <span class='ocr_line' id='line_1_19' title="bbox 562 2591 2446 2699; baseline 0 -29"><span class='ocrx_word' id='word_1_96' title='bbox 562 2598 805 2699; x_wconf 81' lang='lat' dir='ltr'>xiguo</span> <span class='ocrx_word' id='word_1_97' title='bbox 857 2594 1031 2672; x_wconf 87' lang='lat' dir='ltr'>vase</span> <span class='ocrx_word' id='word_1_98' title='bbox 1086 2614 1429 2685; x_wconf 79' lang='lat' dir='ltr'>retorto,</span> <span class='ocrx_word' id='word_1_99' title='bbox 1478 2591 1560 2669; x_wconf 73' lang='grc' dir='ltr'>δε</span> <span class='ocrx_word' id='word_1_100' title='bbox 1616 2591 2096 2671; x_wconf 85' lang='lat' dir='ltr'>destillationi</span> <span class='ocrx_word' id='word_1_101' title='bbox 2179 2592 2446 2697; x_wconf 85' lang='lat' dir='ltr'>expofi·</span> 
     </span>
     <span class='ocr_line' id='line_1_20' title="bbox 560 2691 2447 2801; baseline -0.002 -28"><span class='ocrx_word' id='word_1_102' title='bbox 560 2718 727 2773; x_wconf 89' lang='lat' dir='ltr'>tum</span> <span class='ocrx_word' id='word_1_103' title='bbox 782 2720 1014 2795; x_wconf 85' lang='lat' dir='ltr'>usque</span> <span class='ocrx_word' id='word_1_104' title='bbox 1086 2694 1268 2771; x_wconf 87' lang='lat' dir='ltr'>dum</span> <span class='ocrx_word' id='word_1_105' title='bbox 1343 2691 1624 2769; x_wconf 88' lang='lat' dir='ltr'>fundus</span> <span class='ocrx_word' id='word_1_106' title='bbox 1708 2696 1994 2771; x_wconf 88' lang='lat' dir='ltr'>vitreus</span> <span class='ocrx_word' id='word_1_107' title='bbox 2079 2697 2447 2801; x_wconf 73' lang='lat' dir='ltr'>igne1cat,</span> 
     </span>
     <span class='ocr_line' id='line_1_21' title="bbox 565 2791 2446 2898; baseline -0.001 -25"><span class='ocrx_word' id='word_1_108' title='bbox 565 2792 941 2873; x_wconf 85' lang='lat' dir='ltr'>refiduum</span> <span class='ocrx_word' id='word_1_109' title='bbox 992 2797 1331 2897; x_wconf 80' lang='lat' dir='ltr'>praebet,</span> <span class='ocrx_word' id='word_1_110' title='bbox 1376 2791 1582 2894; x_wconf 91' lang='lat' dir='ltr'>quod</span> <span class='ocrx_word' id='word_1_111' title='bbox 1647 2794 1725 2869; x_wconf 89' lang='lat' dir='ltr'>in</span> <span class='ocrx_word' id='word_1_112' title='bbox 1801 2792 2212 2875; x_wconf 84' lang='lat' dir='ltr'>sufficiente</span> <span class='ocrx_word' id='word_1_113' title='bbox 2274 2822 2446 2898; x_wconf 81' lang='lat' dir='ltr'>aqua</span> 
     </span>
     <span class='ocr_line' id='line_1_22' title="bbox 536 2892 2446 2989; baseline 0 -16"><span class='ocrx_word' id='word_1_114' title='bbox 536 2892 927 2974; x_wconf 69' lang='lat' dir='ltr'>‘destillata</span> <span class='ocrx_word' id='word_1_115' title='bbox 978 2895 1328 2989; x_wconf 68' lang='lat' dir='ltr'>costum,</span> <span class='ocrx_word' id='word_1_116' title='bbox 1380 2892 1780 2972; x_wconf 67' lang='lat' dir='ltr'>collec’cum</span> <span class='ocrx_word' id='word_1_117' title='bbox 1809 2948 1830 2986; x_wconf 88' lang='lat'>‚</span> <span class='ocrx_word' id='word_1_118' title='bbox 1881 2894 2330 2976; x_wconf 75' lang='lat' dir='ltr'>exsiccatum</span> <span class='ocrx_word' id='word_1_119' title='bbox 2374 2898 2446 2973; x_wconf 87' lang='lat'>&amp;</span> 
     </span>
     <span class='ocr_line' id='line_1_23' title="bbox 558 2995 2445 3101; baseline 0.002 -28"><span class='ocrx_word' id='word_1_120' title='bbox 558 2998 1067 3101; x_wconf 69' lang='lat' dir='ltr'>ponderatum</span> <span class='ocrx_word' id='word_1_121' title='bbox 1129 3006 1221 3075; x_wconf 88' lang='lat'>16</span> <span class='ocrx_word' id='word_1_122' title='bbox 1273 2998 1566 3073; x_wconf 85' lang='lat' dir='ltr'>circiter</span> <span class='ocrx_word' id='word_1_123' title='bbox 1615 2995 1842 3075; x_wconf 84' lang='lat' dir='ltr'>libras</span> <span class='ocrx_word' id='word_1_124' title='bbox 1886 2998 2199 3079; x_wconf 74' lang='lat' dir='ltr'>amifiss&#39;e</span> <span class='ocrx_word' id='word_1_125' title='bbox 2246 3024 2445 3101; x_wconf 86' lang='lat' dir='ltr'>repe·</span> 
     </span>
    </p>
   </div>
   <div class='ocr_carea' id='block_1_8' title="bbox 559 3098 2447 3300">
    <p class='ocr_par' dir='ltr' id='par_1_9' title="bbox 559 3098 2447 3300">
     <span class='ocr_line' id='line_1_24' title="bbox 560 3098 2447 3181; baseline 0.001 -4"><span class='ocrx_word' id='word_1_126' title='bbox 560 3098 775 3177; x_wconf 77' lang='lat' dir='ltr'>titur.</span> <span class='ocrx_word' id='word_1_127' title='bbox 880 3098 1078 3177; x_wconf 86' lang='lat' dir='ltr'>Tres</span> <span class='ocrx_word' id='word_1_128' title='bbox 1129 3118 1328 3174; x_wconf 84' lang='lat' dir='ltr'>notae</span> <span class='ocrx_word' id='word_1_129' title='bbox 1386 3099 1844 3174; x_wconf 81' lang='lat' dir='ltr'>variationes</span> <span class='ocrx_word' id='word_1_130' title='bbox 1893 3102 2024 3177; x_wconf 87' lang='lat' dir='ltr'>vix</span> <span class='ocrx_word' id='word_1_131' title='bbox 2076 3126 2234 3181; x_wconf 82' lang='lat' dir='ltr'>una</span> <span class='ocrx_word' id='word_1_132' title='bbox 2278 3104 2447 3179; x_wconf 86' lang='lat' dir='ltr'>alte-</span> 
     </span>
     <span class='ocr_line' id='line_1_25' title="bbox 559 3194 2007 3300; baseline 0.001 -23"><span class='ocrx_word' id='word_1_133' title='bbox 559 3224 747 3287; x_wconf 83' lang='lat' dir='ltr'>rave</span> <span class='ocrx_word' id='word_1_134' title='bbox 800 3200 987 3278; x_wconf 83' lang='lat' dir='ltr'>libra</span> <span class='ocrx_word' id='word_1_135' title='bbox 1038 3200 1190 3276; x_wconf 87' lang='lat' dir='ltr'>hoc</span> <span class='ocrx_word' id='word_1_136' title='bbox 1237 3194 1580 3300; x_wconf 70' lang='lat' dir='ltr'>respestu</span> <span class='ocrx_word' id='word_1_137' title='bbox 1625 3197 2007 3280; x_wconf 84' lang='lat' dir='ltr'>differunt.</span> 
     </span>
    </p>
   </div>
   <div class='ocr_carea' id='block_1_9' title="bbox 474 3347 2442 3840">
    <p class='ocr_par' dir='ltr' id='par_1_10' title="bbox 706 3347 2442 3467">
     <span class='ocr_line' id='line_1_26' title="bbox 706 3347 2442 3467; baseline -0.006 -27"><span class='ocrx_word' id='word_1_138' title='bbox 706 3357 939 3467; x_wconf 55' lang='grc' dir='ltr'>ΑΨ</span> <span class='ocrx_word' id='word_1_139' title='bbox 966 3406 989 3445; x_wconf 87' lang='lat'>,</span> <span class='ocrx_word' id='word_1_140' title='bbox 1016 3350 1186 3452; x_wconf 73' lang='lat' dir='ltr'>q‘uae</span> <span class='ocrx_word' id='word_1_141' title='bbox 1227 3347 1542 3428; x_wconf 86' lang='lat' dir='ltr'>solubile</span> <span class='ocrx_word' id='word_1_142' title='bbox 1575 3354 1943 3448; x_wconf 75' lang='lat' dir='ltr'>extraxit,</span> <span class='ocrx_word' id='word_1_143' title='bbox 1965 3414 1972 3419; x_wconf 83' lang='lat'><em>.</em></span> <span class='ocrx_word' id='word_1_144' title='bbox 1994 3350 2267 3436; x_wconf 84' lang='lat' dir='ltr'>lixivio</span> <span class='ocrx_word' id='word_1_145' title='bbox 2295 3354 2442 3435; x_wconf 84' lang='lat' dir='ltr'>san·</span> 
     </span>
    </p>

    <p class='ocr_par' dir='ltr' id='par_1_11' title="bbox 474 3452 2438 3840">
     <span class='ocr_line' id='line_1_27' title="bbox 474 3452 2438 3563; baseline -0.007 -22"><span class='ocrx_word' id='word_1_146' title='bbox 474 3532 478 3541; x_wconf 90' lang='lat'>.</span> <span class='ocrx_word' id='word_1_147' title='bbox 626 3458 846 3545; x_wconf 54' lang='lat' dir='ltr'>fnis</span> <span class='ocrx_word' id='word_1_148' title='bbox 879 3453 1018 3533; x_wconf 89' lang='lat' dir='ltr'>usti</span> <span class='ocrx_word' id='word_1_149' title='bbox 1077 3455 1476 3535; x_wconf 81' lang='lat' dir='ltr'>caeruleum</span> <span class='ocrx_word' id='word_1_150' title='bbox 1528 3452 2018 3533; x_wconf 86' lang='lat' dir='ltr'>Berolinense</span> <span class='ocrx_word' id='word_1_151' title='bbox 2221 3460 2438 3563; x_wconf 69' lang='lat' dir='ltr'>rig-it,</span> 
     </span>
     <span class='ocr_line' id='line_1_28' title="bbox 552 3480 2437 3662; baseline -0.006 -23"><span class='ocrx_word' id='word_1_152' title='bbox 552 3480 691 3655; x_wconf 47' lang='grc' dir='ltr'>ξιξ</span> <span class='ocrx_word' id='word_1_153' title='bbox 740 3559 951 3647; x_wconf 73' lang='lat' dir='ltr'>ferro</span> <span class='ocrx_word' id='word_1_154' title='bbox 1003 3556 1145 3633; x_wconf 88' lang='lat' dir='ltr'>hac</span> <span class='ocrx_word' id='word_1_155' title='bbox 1198 3559 1325 3633; x_wconf 88' lang='lat' dir='ltr'>via</span> <span class='ocrx_word' id='word_1_156' title='bbox 1374 3552 1714 3653; x_wconf 69' lang='lat' dir='ltr'>dejesto,</span> <span class='ocrx_word' id='word_1_157' title='bbox 1768 3555 1996 3635; x_wconf 81' lang='lat' dir='ltr'>alkali</span> <span class='ocrx_word' id='word_1_158' title='bbox 2155 3587 2206 3641; x_wconf 89' lang='lat'>0</span> <span class='ocrx_word' id='word_1_159' title='bbox 2263 3584 2437 3662; x_wconf 73' lang='lat' dir='ltr'>prae-</span> 
     </span>
     <span class='ocr_line' id='line_1_29' title="bbox 556 3657 2438 3837; baseline -0.002 -97"><span class='ocrx_word' id='word_1_160' title='bbox 556 3662 913 3771; x_wconf 68' lang='lat' dir='ltr'>cipitatur</span> <span class='ocrx_word' id='word_1_161' title='bbox 958 3659 1205 3763; x_wconf 82' lang='lat' dir='ltr'>pulvis</span> <span class='ocrx_word' id='word_1_162' title='bbox 1258 3657 1466 3737; x_wconf 89' lang='lat' dir='ltr'>albus</span> <span class='ocrx_word' id='word_1_163' title='bbox 1477 3713 1505 3753; x_wconf 92' lang='lat'>,</span> <span class='ocrx_word' id='word_1_164' title='bbox 1557 3657 1690 3757; x_wconf 90' lang='lat' dir='ltr'>qui</span> <span class='ocrx_word' id='word_1_165' title='bbox 1739 3680 1912 3739; x_wconf 88' lang='lat' dir='ltr'>cum</span> <span class='ocrx_word' id='word_1_166' title='bbox 1964 3662 2183 3745; x_wconf 85' lang='lat' dir='ltr'>acido</span> <span class='ocrx_word' id='word_1_167' title='bbox 2245 3662 2438 3837; x_wconf 59' lang='lat' dir='ltr'>vitfi·</span> 
     </span>
     <span class='ocr_line' id='line_1_30' title="bbox 2303 3787 2434 3840; baseline -0.023 0"><span class='ocrx_word' id='word_1_168' title='bbox 2303 3787 2434 3840; x_wconf 83' lang='grc' dir='ltr'>οι-</span> 
     </span>
    </p>
   </div>
  </div>
 </body>
</html>
