2760 4749
702 275 833 368 De
896 300 1117 370 terra
1170 281 1672 374 Turmalini.
1993 311 2142 378 121
2251 287 2260 294 ’

247 493 600 599 specifica
624 495 957 596 paullum
993 500 1272 590 variat,
1310 501 1514 576 inter
1548 503 1770 595 3,o62
1791 499 1874 580 δι
1903 522 2072 595 3‚29
2085 524 2152 593 5.

248 601 361 676 Hi
416 600 560 674 vix
618 605 980 696 umquam
1032 600 1143 686 ad.
1172 601 1556 702 Europam
1610 597 1838 676 rudes
1888 624 2154 700 perve-

250 703 521 792 niunt,
579 697 912 800 ideoque
960 698 1353 802 crystallos
1420 699 1614 777 mihi
1685 699 1972 778 oblatas
2035 701 2154 780 lae.

252 821 369 876 tus
421 800 710 900 recepi,
755 823 1081 902 quarum
1130 824 1284 878 tres
1335 827 1483 902 qua
1529 801 1913 876 columnas
1941 821 2158 878 erant
2240 840 2254 866 ·-

248 903 625 1002 integrae,
671 899 897 975 trium
948 903 1257 978 circiter
1320 902 1690 980 linearum
1746 901 2160 1011 longitudi-

250 1026 385 1093 ne,
443 999 921 1098 duarumque
979 1001 1355 1080 diametro
1408 1001 1837 1107 gaudentes,
1909 1017 1915 1022 ’
1973 1005 2162 1082 Tria

248 1103 481 1178 latera
535 1099 703 1176 sunt
759 1101 1077 1194 latiora,
1150 1105 1420 1203 quibus
1488 1103 1594 1181 fin
1707 1105 1797 1180 lis
1854 1103 2162 1202 interja-

252 1224 369 1280 cet
432 1226 576 1302 pat·
618 1200 840 1277 valde
894 1202 1420 1308 angustarum,
1471 1230 1574 1281 un
1636 1229 1676 1282 e
1726 1205 1976 1282 obiter
2031 1207 2162 1282 tri*-

252 1327 531 1406 gonus:
580 1301 887 1379 videtur
934 1305 1278 1388 ambitus.
1385 1305 1964 1409 Descriptorum
2012 1308 2185 1408 pri·.

252 1407 581 1488 smatum
648 1403 803 1478 duo
869 1406 1207 1505 apicibus
1268 1404 1439 1483 sunt
1508 1407 1897 1502 instrusta,
1974 1433 2163 1507 quo-

252 1531 429 1586 rum
485 1505 744 1604 anguli
818 1502 1041 1581 solidi
1127 1507 1539 1584 admodum
1611 1507 1850 1583 obtufi
1893 1509 2164 1590 ‘tribus
2249 1531 2254 1536 ·

250 1607 693 1694 formantur
757 1607 1214 1712 pentagonis
1292 1609 1854 1710 irregularibus,
1971 1609 2165 1684 Haec

254 1712 528 1786 omnia
606 1704 753 1782 illis
842 1712 1156 1812 egregie
1245 1707 1773 1803 consentiunt,
1853 1737 2020 1810 quae
2069 1709 2165 1786 de

253 1806 677 1886 Brafilienst
726 1811 811 1883 in
958 1807 1384 1887 raecedente
1476 1831 1874 1887 momento
1957 1809 2170 1891 allata

256 1911 466 1999 sunt,
524 1907 605 1984 &
668 1909 836 1984 latis
948 1932 1084 1986 unt
1129 1909 1526 2014 perspicua
1584 1935 1723 2014 per
1771 1911 1900 2016 fig.
1948 1926 2000 2006 '3
2083 1915 2168 1991 in

252 2011 513 2088 tabula
570 2013 839 2109 prima.
946 2011 1299 2088 Ceterum
1344 2011 1704 2114 prismata
1757 2009 2170 2119 longitudi-

255 2113 529 2189 naliter
586 2107 857 2188 sulcata
895 2118 1418 2214 reperiuntur,
1477 2114 1685 2220 quod
1759 2116 1960 2192 haud
2026 2115 2171 2202 ob·

85 2227 87 2314 ξ
144 2281 153 2286 -
256 2214 475 2292 scure
532 2213 778 2286 innuit
822 2211 963 2290 alia
1018 2214 1412 2316 {picularia
1468 2217 1546 2288 in
1601 2214 1947 2291 contastu
1994 2241 2170 2296 curn

258 2315 542 2399 iisdem
584 2310 797 2389 fimul
842 2311 1052 2393 fuiss'e
1132 2313 1626 2417 crystallisata.
1753 2315 1976 2393 Talia
2041 2341 2172 2393 ve·-

256 2416 484 2520 stigia
532 2418 613 2489 in
664 2411 1057 2515 superficie
1106 2416 1626 2520 crystallorum
1673 2410 1866 2517 saepe
1909 2442 2173 2495 occur-

261 2536 445 2597 runt
480 2569 504 2606 ‚
590 2514 673 2593 δε
753 2514 1331 2623 longitudinalia
1420 2516 1669 2593 modox
1756 2538 2175 2597 memorata

260 2616 689 2723 praesertim
748 2620 829 2693 in
906 2621 1350 2719 quibusdam
1412 2618 1796 2696 Schoerlis
1847 2618 1928 2695 &
1981 2619 2174 2697 Tur·

261 2720 559 2801 maline
610 2718 1025 2801 Brafilienfi
1088 2719 1255 2800 sunt
1308 2718 1675 2823 vulgaria.

418 2937 697 3017 Coton
750 2936 1279 3041 crystallorum
1306 2935 1412 3017 est
1437 2934 1719 3033 fuscus,
1773 2962 1936 3031 non
1961 2963 2178 3017 num·
2233 3033 2238 3037 .

262 3064 501 3143 quam
560 3039 722 3119 fere
772 3038 1249 3145 nigrescenS,
1301 3038 1687 3117 interdum
1717 3064 1932 3134 ,vero
1991 3041 2180 3129 dilu-

262 3166 431 3236 ωε,
487 3141 792 3242 semper
840 3143 1009 3245 plus
1061 3146 1309 3229 minus
1344 3140 1801 3234 flavesce‘nS,
1845 3144 2053 3242 quod
2097 3166 2180 3221 o-

323 3249 519 3323 time
580 3241 1030 3352 observatur
1076 3243 1430 3322 columna
1489 3242 1976 3321 transverfim
2041 3267 2183 3344 po·

261 3272 401 3425 fita
464 3350 661 3444 inter·
710 3345 957 3421 lucem
1009 3342 1495 3423 intenfiorem
1549 3344 1631 3423 δι
1680 3345 2006 3429 oculum.
2063 3345 2186 3421 Se·

262 3448 427 3527 &io
516 3444 1060 3525 transversaria
1106 3455 1155 3548 ᾗ
1206 3445 1428 3521 lineae
1481 3445 1845 3525 crassitiei
1935 3443 2184 3522 adhue

265 3574 515 3649 opaca
562 3546 897 3642 videtur,
950 3548 1099 3624 luci
1156 3546 1445 3623 diurnae
1495 3545 1870 3649 exposita,
1924 3573 2182 3649 quam·
2309 3564 2314 3569 ·

264 3654 391 3739 vis
449 3648 779 3733 candelae
829 3649 1133 3729 flamma
1182 3646 1483 3833 litiidiam
1513 3648 1958 3758 monstret,
2002 3648 2188 3764 ulte-

1336 3773 1373 3847 5
2019 3768 2189 3827 „nus
