2760 4749
945 315 1066 397 De
1128 266 1530 416 Arsinia
2021 325 2182 417 285

264 520 573 621 fidinum
621 543 809 622 aqua
864 521 1185 600 solutum
1259 521 1387 597 sub
1466 521 1769 598 costura
1839 523 2181 622 regulum
2271 606 2276 614 ,

268 624 816 726 pulverisatum
868 623 1349 724 adgreditur,
1412 627 1690 699 etenim
1725 677 1780 713 ‚--
1803 624 2007 721 quod
2037 625 2190 698 aci··

269 727 457 802 cido
510 725 689 800 dein
744 747 1083 823 praeceps
1140 729 1288 798 ruit
1320 781 1339 807 ,
1396 749 1662 800 verum
1717 726 1795 798 in
1843 723 2180 799 sublima·

268 828 489 902 tione
538 824 831 926 praebet
884 827 1548 926 auripigmentum.

432 971 542 1074 D)
594 963 1069 1052 UNvao'sA
1134 973 1301 1050 Olea
1361 979 1698 1073 regulum
1749 971 2176 1049 ebullientia

270 1073 626 1168 solvunt,
676 1073 1129 1172 massamque
1186 1079 1529 1177 nigram,
1567 1073 1944 1178 emplastri
2003 1099 2176 1178 gau·

262 1176 583 1254 dente-m
644 1175 1146 1276 consistentia,
1208 1175 1570 1257 formant.

1108 1371 1169 1476 ς.
1222 1375 1317 1456 V.

553 1504 1139 1600 Arsenieum
1228 1506 1846 1600 calcinatum.

419 1670 775 1751 Rae-urus
854 1697 1218 1792 perquam
1305 1669 1458 1748 leni
1539 1673 1785 1750 calore
1875 1691 2168 1748 tantum

257 1774 628 1880 phlogisti
681 1773 961 1867 mittit,
1035 1798 1114 1849 ut
1181 1779 1259 1849 in
1327 1772 1720 1879 fuliginem
1778 1774 1990 1850 abeat
2072 1770 2167 1848 al·
2266 1783 2270 1787 ’

266 1881 471 1952 bam.
552 1871 851 1954 Omnes
905 1898 1155 1950 tamen
1214 1873 1451 1950 calces
1518 1875 1906 1951 metallicae
1979 1871 2167 1950 mul·

263 1999 431 2076 rum
460 1979 787 2052 retinent
837 1973 1394 2052 inflammabilis
1431 1979 1792 2066 materiae,
1839 1973 1969 2052 etsi
2014 1971 2163 2052 hoc

262 2073 637 2154 refiduum
692 2070 962 2153 formae
1020 2075 1404 2152 metallicae
1457 2077 1611 2152 n‘on
1672 2075 1996 2152 sufficiat.
2098 2072 2180 2150 1-‘

264 2177 443 2254 dem
497 2179 725 2253 etiam
779 2179 1033 2254 valere
1082 2177 1179 2252 de
1226 2177 1564 2254 arsenico
1627 2180 1797 2254 albo
1852 2178 2169 2276 sequen·

262 2281 321 2354 ti
382 2280 911 2379 experimento
967 2271 1527 2358 luculentiffim'e
1577 2299 1801 2379 patet.
1870 2279 1958 2352 In
1993 2301 2166 2381 pat·

260 2401 365 2455 va
419 2402 697 2479 nempe
748 2400 1032 2455 retorta
1089 2378 1510 2455 arsenicum
1556 2382 2044 2469 calcinatum,
2093 2400 2166 2451 a·

256 2480 445 2559 cido
498 2482 678 2555 nitri
725 2476 1285 2581 humestatum',
1336 2482 1503 2580 igni
1551 2501 2028 2581 exponatur,
2082 2479 2164 2557 &

262 2600 511 2683 vapor
556 2574 770 2657 rufus
818 2578 1125 2681 copiose
1173 2580 1560 2681 prodibit,
1619 2587 1748 2681 qui
1808 2578 2170 2671 comestus,

261 2704 529 2783 quater
605 2683 730 2759 vel
802 2683 1199 2781 quinquies
1278 2682 1692 2757 arsenicum
1773 2681 2164 2758 volumine

261 2784 606 2875 excedit,
660 2782 786 2874 δι,
838 2778 1177 2859 instituto
1235 2783 1620 2875 examine,
1695 2782 1886 2858 nihil
1958 2780 2161 2859 aliud

262 2882 411 2961 effe
446 2885 875 2975 invenitur,
924 2904 1150 2982 quam
1177 2880 1494 2959 fluidum
1541 2884 1726 2961 illud
1765 2880 2162 2975 elafficnm,

260 2984 474 3086 quod
506 2980 675 3063 Cel.
722 2984 1136 3063 Pmsrmo
1171 2994 1299 3059 aer
1356 2983 1684 3060 nitrosus
1727 2986 1954 3062 audit.
2004 2984 2162 3061 Hie

262 3108 511 3163 autem
582 3082 883 3186 semper
951 3083 1339 3187 phlogisto
1424 3086 1794 3179 abundat,
1873 3084 1958 3165 δε
2023 3087 2178 3163 vix·

260 3185 675 3289 quidquam
722 3206 1083 3287 praetetea
1126 3188 1504 3279 continet,
1586 3184 1722 3262 nifi
1767 3188 1960 3265 abidi
2039 3188 2161 3262 ni-

256 3286 444 3365 trofi
492 3287 1052 3389 portiunculam
1090 3339 1112 3380 ,
1164 3286 1726 3365 inflammabilis
1792 3288 2015 3390 copia
2075 3290 2163 3367 in

256 3388 576 3467 fluidum
623 3386 996 3466 elasticum
1049 3387 1452 3466 dilatatam.
1503 3389 1695 3467 Phlo
1756 3388 1945 3467 iston
1985 3388 2178 3470 heics

258 3514 303 3567 a
348 3490 554 3568 nulla
599 3490 736 3565 alia
788 3490 1101 3566 materia
1152 3490 1438 3567 hauriri
1481 3483 1668 3592 ‘pote
1743 3544 1766 3585 ,
1798 3514 2022 3590 quam
2059 3489 2161 3565 ab

257 3590 603 3671 arsenico
656 3588 853 3669 albo.
956 3590 1128 3670 Alia
1176 3591 1634 3670 documenta
1687 3613 1876 3669 mox
1940 3590 2154 3685 vide·

253 3691 531 3775 bimus.

560 3830 577 3842 ·
2006 3790 2153 3867 RA.
