2760 4749
638 419 750 502 24
1007 384 1147 479 De
1190 388 1499 503 fbrmis
1563 378 2176 510 Crystallorum.

635 600 986 702 dispofita
1038 600 1192 705 (fig.
1242 606 1396 698 14).
1436 606 1811 694 Gemmae,
1851 607 2165 707 granati,
2213 602 2520 681 schoer-

634 703 737 796 li,
806 724 1197 802 ceteraque
1276 724 1593 780 terrenae
1666 706 1941 781 indolis)
1989 706 2324 806 corpora·
2391 714 2520 780 iae·

632 826 733 907 pe
786 802 1103 906 figurata
1175 806 1705 895 inveniuntur,
1785 809 2150 906 quamvis
2205 795 2520 907 analyfis
2629 814 2636 825 “

634 903 827 979 nihil
875 907 1246 980 extricare
1298 905 1516 1005 poffit
1561 904 1788 985 salini.
1892 905 2105 983 Idem
2159 906 2358 981 valet
2421 907 2524 983 de

634 1027 859 1094 aum,
913 1026 1275 1106 argente,
1329 1007 1630 1105 aliisque
1684 1008 1997 1083 metallis
2029 1008 2328 1098 nativi8‚
2377 1031 2524 1082 nec

634 1129 795 1179 non
834 1102 931 1179 de
975 1128 1153 1179 auro
1182 1161 1205 1193 ‚
1256 1129 1615 1209 argento,
1657 1106 2014 1209 plumbo,
2064 1106 2368 1199 stann0,
2409 1110 2526 1183 vi-

634 1202 886 1281 smuto
927 1205 1011 1286 δε,
1054 1206 1301 1299 zinco‚
1353 1208 2170 1311 hydrargyrossunitiS,
2234 1209 2524 1307 quippe

634 1330 803 1403 quae
869 1304 1246 1406 regulares
1320 1306 1402 1384 ὃ(
1475 1333 1622 1409 pro
1698 1308 1995 1395 diversa
2065 1307 2223 1387 dofi
2273 1312 2526 1389 varias

634 1404 958 1481 induunt
1008 1404 1294 1482 formas
1347 1418 1471 1503 m),

789 1646 870 1721 81
923 1646 1015 1721 ad
1067 1644 1375 1725 salinum
1428 1650 1876 1729 occultatum
1931 1652 2012 1731 δε
2077 1650 2526 1733 delitescens

630 1768 1063 1847 provocare
1110 1749 1349 1843 liceat,
1400 1752 1602 1854 quod
1638 1774 1796 1828 arte
1841 1757 2192 1833 extricari
2235 1756 2529 1851 nequit,

631 1845 884 1922 eidem
934 1849 1318 1926 immerito
1363 1872 1565 1927 tanta
1611 1854 1830 1930 tribui
1907 1857 2206 1931 videtur
2276 1853 2527 1933 effica-

634 1948 792 2033 cia,
850 1969 933 2021 ut
986 1968 1073 2022 ea
1118 1944 1422 2053 fingulae
1469 1954 1857 2030 moleculae
1901 1957 1980 2031 in
2019 1956 2372 2033 ordinem
2411 1979 2525 2032 re·

632 2044 800 2145 digi
853 2047 1207 2143 'queant,
1319 2051 1909 2151 crystallisationi
2007 2054 2521 2133 necessarium.

636 2142 872 2218 Causa
908 2145 1151 2223 saltim
1200 2174 1345 2246 qua
1383 2156 1988 2255 magnitudinem
2043 2182 2524 2256 nequaquam

634 2242 939 2320 effeE'iui
964 2246 1390 2349 respondet.
1444 2254 1622 2355 Qo
1649 2259 1854 2333 enim
1899 2261 2134 2335 modo
2173 2258 2521 2350 salinum,

634 2344 840 2442 cujus
876 2349 952 2422 in
992 2374 1177 2448 aqua
1215 2377 1401 2452 pura
1432 2378 1530 2429 ne
1569 2356 1926 2436 leviffima
1959 2360 2266 2460 quidem
2297 2356 2551 2434 vesti--

630 2450 757 2548 gia
782 2449 1049 2524 mediis
1088 2455 1416 2529 maxime
1446 2453 1900 2537 senfibilibus
1931 2462 2286 2564 detegere
2311 2461 2522 2553 licet,

629 2550 877 2624 nihilo
924 2554 1169 2628 minus
1209 2576 1409 2632 tanta
1445 2557 1928 2648 vehementia
1977 2561 2522 2663 crystallila'tio-

629 2673 810 2724 nem
907 2652 1241 2728 lacialem
1279 2656 1642 2755 perficere
1669 2661 1936 2761 potest,
1983 2683 2064 2736 ut
2097 2665 2172 2737 in
2237 2666 2393 2740 enti
2435 2661 2522 2736 vi

630 2746 865 2822 firmil
896 2773 1087 2843 lma,
1160 2758 1402 2833 immo
1459 2757 1707 2836 ferrea
1759 2764 2014 2838 vincat
2065 2764 2164 2838 ob
2233 2763 2437 2840 acula
2473 2762 2520 2843 ⁴?

629 2845 1049 2945 Quomodo
1104 2851 1463 2954 salinum,
1512 2862 1728 2940 nullis
1781 2861 2319 2944 denudandum
2361 2889 2524 2944 rea-

630 2949 1027 3048 gentibuS,
1081 2953 1159 3027 in
1231 2957 1728 3059 amalgamate
1785 2967 1944 3040 auri
1996 2988 2269 3067 graves
2330 2969 2520 3044 utri-

502 3083 505 3088 ·
624 3068 861 3145 usque
908 3051 1191 3146 metalli
1238 3059 1640 3140 moleculas
1685 3065 1763 3138 in
1814 3063 2026 3148 litum
2079 3064 2524 3167 symmetri-

628 3167 1167 3264 curn-‚cogere
1243 3159 1582 3238 valebit?
1656 3165 1894 3266 Quale
1943 3163 2262 3243 salinum
2321 3171 2522 3244 anti-

625 3271 871 3324 monu
914 3254 1256 3352 regulum
1314 3258 1493 3336 facit
1537 3259 1968 3350 stellatum?
2017 3266 2255 3367 Qale
2311 3268 2518 3345 adest

621 3347 973 3463 immicae
1024 3353 1339 3450 lamellis
1387 3359 1864 3467 hexagonis?
1911 3365 2102 3448 Haec
2153 3367 2298 3444 illis
2363 3369 2521 3446 suf-

621 3445 927 3564 ficiunt,
974 3455 1103 3552 qui
1145 3454 1501 3536 distinstis
1550 3468 2089 3566 experimentis
2129 3467 2332 3545 suam
2386 3497 2516 3550 co-

624 3569 1054 3654 gmtlonem
1103 3553 1604 3686 superstruere
1655 3567 1998 3670 cupiunt,
2069 3570 2512 3674 hypothefi-

2369 3673 2512 3756 bus

708 3837 795 3915 m)
850 3837 1030 3910 Mem.
1072 3839 1149 3939 de·
1187 3842 1414 3912 chimie
1448 3869 1552 3931 pat
1592 3853 1714 3918 Mr.
1756 3817 1934 3924 sion.
