2760 4749
312 299 443 389 De
468 301 989 389 minerarum
1020 298 1467 411 Docimalia
1511 302 1875 396 humida.
1941 337 2104 421 401¹
2211 424 2216 431 Ι

199 514 423 612 duta,
462 516 787 616 servetur
833 512 1066 609 forma
1094 568 1119 609 ,
1168 518 1454 593 etenim
1505 517 1815 598 edmstus
1889 545 2115 626 regu-

200 618 315 693 lus
392 640 557 693 non
635 615 884 733 potest
954 640 1117 719 non
1200 618 1694 697 calcinatione
1753 622 1926 723 plus
1981 625 2118 699 mi·

199 740 341 797 nus
380 716 741 825 diminui.
870 778 881 789 .

356 870 553 946 HAEC
598 888 993 947 momenta
1054 868 1231 948 satia
1301 872 1712 949 commode
1764 872 1846 951 ἃ,
1923 874 2121 950 bene
2231 866 2234 873 ’

196 994 361 1049 non
410 994 589 1048 raro
667 971 1208 1073 perficiuntur,
1282 974 1688 1050 fundendo
1743 976 1818 1049 in
1880 973 2153 1071 cruci·'

194 1073 379 1149 bulo
409 1126 431 1165 ,
481 1072 804 1174 pulvere
850 1074 1313 1167 carbonum,
1364 1075 1776 1168 uti·decet',
1837 1075 2118 1165 strate,

194 1174 254 1251 fi
299 1174 633 1267 minera,
686 1173 1043 1277 sulphure
1099 1174 1181 1253 δι
1256 1178 1841 1275 inquinamento
1909 1177 2118 1253 vola·

192 1274 309 1352 tili
358 1274 462 1351 est
519 1274 888 1369 liberata,
945 1274 1072 1353 vel
1129 1280 1463 1353 omnino·
1507 1281 1826 1356 matrice
1882 1298 2114 1371 caret,

194 1376 323 1452 vel
374 1375 617 1452 saltim
664 1401 829 1453 non
880 1376 1016 1453 nifi
1070 1377 1385 1455 modico·
1428 1382 1630 1479 ignis
1688 1378 1926 1483 gradu
1999 1378 2115 1455 fu-

188 1476 382 1555 fibili
434 1474 737 1581 gaudet.
837 1480 944 1553 At
980 1480 1259 1557 matrix
1306 1482 1506 1582 ignis
1555 1480 1714 1555 vim
1753 1480 2114 1571 eludenS,
2179 1516 2192 1522 ⁷

190 1602 353 1655 non
431 1576 774 1655 obstante
850 1577 1102 1655 subtili
1176 1580 1763 1680 pulveratione,
1842 1580 2113 1657 multas

188 1679 591 1781 particulas
636 1678 1048 1757 metallicas
1095 1680 1187 1769 ab
1230 1682 1450 1756 omni
1490 1702 1707 1781 parte
1760 1678 2110 1772 includit,

187 1780 383 1856 adeo
432 1802 512 1857 ut
570 1801 830 1856 earum
895 1780 977 1857 &
1030 1778 1422 1875 reduffio,
1472 1782 1554 1858 ἀ
1622 1782 2110 1880 colliquatiO,

186 1878 669 1982 impediatur.
774 1880 865 1957 In
920 1882 1074 1957 hoc
1126 1882 1359 1985 igitur
1408 1881 1573 1958 casu
1638 1880 2108 1970 additamen-

184 1984 285 2057 tis
336 1980 635 2058 idoneis
688 2008 736 2058 o
793 2007 879 2060 us
940 1982 1082 2073 est,
1136 2002 1303 2083 quae
1347 1982 1917 2066 fufionemnon
1946 1974 2109 2059 tan·

182 2104 349 2159 tum
398 2084 665 2183 juvare
752 2084 1056 2183 ebant,
1118 2082 1249 2159 sed
1308 2086 1537 2160 etiam
1590 2108 1752 2159 eam
1813 2109 2108 2185 provo·

178 2207 359 2260 care
421 2186 907 2278 tenuitatem,
955 2207 1040 2260 ut
1090 2179 1484 2261 moleculae
1515 2185 1884 2289 regulinae
1935 2184 2105 2261 fun-

182 2285 370 2361 dum
439 2307 703 2388 petere
748 2305 1085 2386 queant.
1220 2286 1355 2362 Ma
1420 2311 1514 2362 na
1589 2282 1898 2386 quidem
1979 2294 2103 2361 eas

178 2409 407 2494 urget
476 2390 815 2490 gravitas
889 2385 1276 2488 specifica,
1378 2391 1474 2464 ed
1549 2386 1792 2463 nihilo
1851 2389 2104 2463 minus

176 2491 265 2564 in
313 2489 666 2590 segniore
719 2485 947 2567 maffa
996 2488 1292 2589 plureS,
1344 2485 1763 2592 praesertim
1845 2487 2104 2590 segre-

176 2611 374 2692 gatae
458 2594 839 2693 minores,
918 2587 1111 2691 saepe
1183 2589 1463 2667 restare
1531 2610 1963 2691 coguntur,·
1997 2585 2100 2676 ob

178 2692 557 2792 majorem
605 2687 1109 2791 superandam
1187 2689 1323 2794 sub
1379 2688 1764 2781 descensu,
1816 2689 2103 2778 friffio·

176 2817 385 2868 nem.
492 2794 935 2869 Memorata
974 2788 1556 2895 additamenta,
1625 2816 1793 2893 quae
1859 2791 2097 2891 vulgo

174 2893 271 2972 ab
328 2891 603 2970 effeE'tu
656 2891 937 2970 Fluxus
988 2891 1342 2983 audiunt,
1389 2891 1636 2970 salinae
1676 2892 1841 2970 sunt
1879 2891 2097 2971 indo-

172 2998 325 3090 lis,
384 2995 713 3094 ideoque
768 3019 930 3070 non
978 2989 1311 3095 poss‘unt.
1354 3019 1517 3071 non
1565 2993 1725 3096 ipsa
1797 2993 2102 3072 metalla

171 3100 345 3201 plus
400 3099 651 3174 minus
696 3094 1155 3188 corrodere,
1218 3093 1300 3170 δι
1348 3095 1533 3174 hinc
1593 3120 1896 3196 quoque
1942 3093 2100 3171 sco·

168 3202 310 3278 riae
345 3251 369 3292 ,
434 3197 601 3276 fere
652 3195 951 3300 semper
996 3195 1297 3290 tinetas,
1361 3198 1807 3275 eorumdem
1885 3196 2099 3274 calci·

168 3322 535 3378 natorum
588 3304 1029 3403 portionem
1084 3297 1380 3384 fovent.

190 3475 207 3486 ’
331 3489 705 3566 ΟετειωΜ
734 3537 761 3575 ,
830 3478 1187 3580 quamdiu
1256 3447 1889 3579 fida⁶defidera⁸tur
1943 3499 2090 3550 me·

156 3585 418 3668 thodus
460 3583 853 3680 intenfiores
902 3577 1319 3658 demetiendi
1353 3583 1550 3681 ignis
1576 3575 1584 3592 '
1591 3578 1866 3680 gradus
1899 3629 1920 3670 ,
1995 3577 2080 3666 ὃς

161 3688 387 3786 simul
440 3689 575 3764 has
626 3684 1165 3786 operationes,
1227 3680 1319 3754 ad
1393 3680 1890 3758 avertendum
1967 3685 2082 3752 ae-

260 3811 489 3896 Bergm.
515 3811 714 3894 opusc.
738 3807 867 3876 Vol.
886 3806 978 3871 Η.
1153 3779 1242 3859 'C
1280 3805 1322 3855 c
1513 3823 1520 3830 ·
1981 3775 2085 3846 ris
