<?xml version="1.0" encoding="UTF-8"?>
<!DOCTYPE html PUBLIC "-//W3C//DTD XHTML 1.0 Transitional//EN"
    "http://www.w3.org/TR/xhtml1/DTD/xhtml1-transitional.dtd">
<html xmlns="http://www.w3.org/1999/xhtml" xml:lang="en" lang="en">
 <head>
  <title>
</title>
<meta http-equiv="Content-Type" content="text/html;charset=utf-8" />
  <meta name='ocr-system' content='tesseract 3.04.00' />
  <meta name='ocr-capabilities' content='ocr_page ocr_carea ocr_par ocr_line ocrx_word'/>
</head>
<body>
  <div class='ocr_page' id='page_1' title='image "./opusculaphysica04berggoog/opusculaphysica04berggoog_0222.png"; bbox 0 0 2760 4749; ppageno 0'>
   <div class='ocr_carea' id='block_1_1' title="bbox 648 291 2131 445">
    <p class='ocr_par' dir='ltr' id='par_1_1' title="bbox 648 291 2131 445">
     <span class='ocr_line' id='line_1_1' title="bbox 648 291 2131 445; baseline 0.003 -26"><span class='ocrx_word' id='word_1_1' title='bbox 648 346 805 432; x_wconf 85' lang='lat'>218</span> <span class='ocrx_word' id='word_1_2' title='bbox 1046 327 1171 416; x_wconf 92' lang='lat' dir='ltr'>De</span> <span class='ocrx_word' id='word_1_3' title='bbox 1230 333 1584 418; x_wconf 83' lang='lat' dir='ltr'>Mineris</span> <span class='ocrx_word' id='word_1_4' title='bbox 1614 291 1886 445; x_wconf 31' lang='lat' dir='ltr'>&#39;firrs&#39;</span> <span class='ocrx_word' id='word_1_5' title='bbox 1906 333 2131 424; x_wconf 84' lang='lat' dir='ltr'>albis.</span> 
     </span>
    </p>
   </div>
   <div class='ocr_carea' id='block_1_2' title="bbox 618 545 2530 1762">
    <p class='ocr_par' dir='ltr' id='par_1_2' title="bbox 618 545 2530 1762">
     <span class='ocr_line' id='line_1_2' title="bbox 638 545 2528 651; baseline 0.001 -27"><span class='ocrx_word' id='word_1_6' title='bbox 638 549 791 624; x_wconf 89' lang='lat' dir='ltr'>hoc</span> <span class='ocrx_word' id='word_1_7' title='bbox 835 546 1294 621; x_wconf 78' lang='lat' dir='ltr'>connubium</span> <span class='ocrx_word' id='word_1_8' title='bbox 1326 601 1344 636; x_wconf 94' lang='lat'>,</span> <span class='ocrx_word' id='word_1_9' title='bbox 1409 545 1562 622; x_wconf 83' lang='lat' dir='ltr'>sola</span> <span class='ocrx_word' id='word_1_10' title='bbox 1615 545 1872 623; x_wconf 89' lang='lat' dir='ltr'>adfusa</span> <span class='ocrx_word' id='word_1_11' title='bbox 1935 571 2123 646; x_wconf 87' lang='lat' dir='ltr'>aqua</span> <span class='ocrx_word' id='word_1_12' title='bbox 2173 575 2528 651; x_wconf 85' lang='lat' dir='ltr'>rumpen-</span> 
     </span>
     <span class='ocr_line' id='line_1_3' title="bbox 638 647 2526 750; baseline 0.002 -26"><span class='ocrx_word' id='word_1_13' title='bbox 638 647 842 724; x_wconf 89' lang='lat' dir='ltr'>dum.</span> <span class='ocrx_word' id='word_1_14' title='bbox 901 650 976 722; x_wconf 91' lang='lat' dir='ltr'>Si</span> <span class='ocrx_word' id='word_1_15' title='bbox 1028 673 1214 724; x_wconf 87' lang='lat' dir='ltr'>vero</span> <span class='ocrx_word' id='word_1_16' title='bbox 1261 647 1536 725; x_wconf 82' lang='lat' dir='ltr'>solutio</span> <span class='ocrx_word' id='word_1_17' title='bbox 1590 651 1813 726; x_wconf 84' lang='lat' dir='ltr'>rubra</span> <span class='ocrx_word' id='word_1_18' title='bbox 1867 675 2004 750; x_wconf 86' lang='lat' dir='ltr'>per</span> <span class='ocrx_word' id='word_1_19' title='bbox 2062 652 2345 750; x_wconf 84' lang='lat' dir='ltr'>aliquot</span> <span class='ocrx_word' id='word_1_20' title='bbox 2399 653 2526 728; x_wconf 88' lang='lat' dir='ltr'>ho·</span> 
     </span>
     <span class='ocr_line' id='line_1_4' title="bbox 638 748 2528 852; baseline 0.001 -25"><span class='ocrx_word' id='word_1_21' title='bbox 638 775 759 827; x_wconf 88' lang='lat' dir='ltr'>ras</span> <span class='ocrx_word' id='word_1_22' title='bbox 830 748 1266 850; x_wconf 82' lang='lat' dir='ltr'>digestionis</span> <span class='ocrx_word' id='word_1_23' title='bbox 1326 751 1559 825; x_wconf 85' lang='lat' dir='ltr'>calori</span> <span class='ocrx_word' id='word_1_24' title='bbox 1640 754 2087 852; x_wconf 77' lang='lat' dir='ltr'>exponitur,</span> <span class='ocrx_word' id='word_1_25' title='bbox 2141 751 2528 828; x_wconf 86' lang='lat' dir='ltr'>intestinus</span> 
     </span>
     <span class='ocr_line' id='line_1_5' title="bbox 618 851 2524 942; baseline -0.001 -14"><span class='ocrx_word' id='word_1_26' title='bbox 618 859 883 928; x_wconf 63' lang='lat' dir='ltr'>⁴oritur</span> <span class='ocrx_word' id='word_1_27' title='bbox 960 875 1249 942; x_wconf 64' lang='lat' dir='ltr'>metm,</span> <span class='ocrx_word' id='word_1_28' title='bbox 1324 851 1912 928; x_wconf 73' lang='lat' dir='ltr'>effetvescentiae</span> <span class='ocrx_word' id='word_1_29' title='bbox 1965 852 2263 942; x_wconf 83' lang='lat' dir='ltr'>fimilis,</span> <span class='ocrx_word' id='word_1_30' title='bbox 2323 853 2524 928; x_wconf 86' lang='lat' dir='ltr'>odor</span> 
     </span>
     <span class='ocr_line' id='line_1_6' title="bbox 637 950 2528 1051; baseline 0 -23"><span class='ocrx_word' id='word_1_31' title='bbox 637 952 832 1028; x_wconf 84' lang='lat' dir='ltr'>acidi</span> <span class='ocrx_word' id='word_1_32' title='bbox 892 951 1497 1051; x_wconf 78' lang='lat' dir='ltr'>dephlogisticati</span> <span class='ocrx_word' id='word_1_33' title='bbox 1549 952 1891 1039; x_wconf 83' lang='lat' dir='ltr'>sentitur,</span> <span class='ocrx_word' id='word_1_34' title='bbox 1953 950 2216 1027; x_wconf 86' lang='lat' dir='ltr'>senfim</span> <span class='ocrx_word' id='word_1_35' title='bbox 2273 958 2528 1028; x_wconf 84' lang='lat' dir='ltr'>omnis</span> 
     </span>
     <span class='ocr_line' id='line_1_7' title="bbox 634 1053 2526 1154; baseline 0.001 -26"><span class='ocrx_word' id='word_1_36' title='bbox 634 1057 835 1154; x_wconf 88' lang='lat' dir='ltr'>perit</span> <span class='ocrx_word' id='word_1_37' title='bbox 912 1055 1126 1129; x_wconf 85' lang='lat' dir='ltr'>color</span> <span class='ocrx_word' id='word_1_38' title='bbox 1180 1053 1259 1128; x_wconf 87' lang='lat'>&amp;</span> <span class='ocrx_word' id='word_1_39' title='bbox 1327 1053 1526 1128; x_wconf 70' lang='lat' dir='ltr'>arste</span> <span class='ocrx_word' id='word_1_40' title='bbox 1603 1053 1990 1154; x_wconf 71' lang='lat' dir='ltr'>suscipitur</span> <span class='ocrx_word' id='word_1_41' title='bbox 2071 1053 2526 1149; x_wconf 68' lang='lat' dir='ltr'>magnellum</span> 
     </span>
     <span class='ocr_line' id='line_1_8' title="bbox 636 1152 2528 1247; baseline -0.001 -16"><span class='ocrx_word' id='word_1_42' title='bbox 636 1155 1100 1247; x_wconf 79' lang='lat' dir='ltr'>calcinatum‚</span> <span class='ocrx_word' id='word_1_43' title='bbox 1142 1179 1298 1228; x_wconf 86' lang='lat' dir='ltr'>non</span> <span class='ocrx_word' id='word_1_44' title='bbox 1330 1153 1463 1228; x_wconf 75' lang='lat' dir='ltr'>nisi</span> <span class='ocrx_word' id='word_1_45' title='bbox 1511 1155 1736 1231; x_wconf 88' lang='lat' dir='ltr'>alkali</span> <span class='ocrx_word' id='word_1_46' title='bbox 1783 1152 2285 1231; x_wconf 81' lang='lat' dir='ltr'>evellendum.</span> <span class='ocrx_word' id='word_1_47' title='bbox 2348 1157 2528 1230; x_wconf 85' lang='lat' dir='ltr'>Pars</span> 
     </span>
     <span class='ocr_line' id='line_1_9' title="bbox 636 1253 2528 1355; baseline 0 -25"><span class='ocrx_word' id='word_1_48' title='bbox 636 1257 876 1348; x_wconf 84' lang='lat' dir='ltr'>acidi,</span> <span class='ocrx_word' id='word_1_49' title='bbox 928 1283 1093 1355; x_wconf 84' lang='lat' dir='ltr'>quae</span> <span class='ocrx_word' id='word_1_50' title='bbox 1146 1253 1275 1329; x_wconf 89' lang='lat' dir='ltr'>suo</span> <span class='ocrx_word' id='word_1_51' title='bbox 1323 1254 1854 1331; x_wconf 85' lang='lat' dir='ltr'>inflammabile</span> <span class='ocrx_word' id='word_1_52' title='bbox 1910 1256 2191 1329; x_wconf 85' lang='lat' dir='ltr'><strong>calcem</strong></span> <span class='ocrx_word' id='word_1_53' title='bbox 2256 1255 2528 1331; x_wconf 88' lang='lat' dir='ltr'>solubi-</span> 
     </span>
     <span class='ocr_line' id='line_1_10' title="bbox 634 1335 2527 1454; baseline 0 -22"><span class='ocrx_word' id='word_1_54' title='bbox 634 1359 785 1432; x_wconf 85' lang='lat' dir='ltr'>lem</span> <span class='ocrx_word' id='word_1_55' title='bbox 836 1355 1052 1449; x_wconf 82' lang='lat' dir='ltr'>facit,</span> <span class='ocrx_word' id='word_1_56' title='bbox 1121 1380 1315 1430; x_wconf 85' lang='lat' dir='ltr'>aurae</span> <span class='ocrx_word' id='word_1_57' title='bbox 1391 1356 1836 1433; x_wconf 87' lang='lat' dir='ltr'>rufescentis</span> <span class='ocrx_word' id='word_1_58' title='bbox 1903 1335 2228 1454; x_wconf 72' lang='lat' dir='ltr'>speciem</span> <span class='ocrx_word' id='word_1_59' title='bbox 2280 1357 2527 1432; x_wconf 88' lang='lat' dir='ltr'>induit</span> 
     </span>
     <span class='ocr_line' id='line_1_11' title="bbox 636 1454 2530 1557; baseline -0.001 -23"><span class='ocrx_word' id='word_1_60' title='bbox 636 1459 719 1534; x_wconf 87' lang='lat'>&amp;</span> <span class='ocrx_word' id='word_1_61' title='bbox 779 1461 857 1532; x_wconf 91' lang='lat' dir='ltr'>in</span> <span class='ocrx_word' id='word_1_62' title='bbox 910 1459 1153 1532; x_wconf 86' lang='lat' dir='ltr'>libero</span> <span class='ocrx_word' id='word_1_63' title='bbox 1211 1467 1379 1540; x_wconf 70' lang='lat' dir='ltr'>aere</span> <span class='ocrx_word' id='word_1_64' title='bbox 1432 1457 1681 1532; x_wconf 86' lang='lat' dir='ltr'>avolat</span> <span class='ocrx_word' id='word_1_65' title='bbox 1752 1454 2322 1555; x_wconf 82' lang='lat' dir='ltr'>diffipaturque,</span> <span class='ocrx_word' id='word_1_66' title='bbox 2392 1481 2530 1557; x_wconf 84' lang='lat' dir='ltr'>pe-</span> 
     </span>
     <span class='ocr_line' id='line_1_12' title="bbox 635 1558 2526 1638; baseline -0.001 -4"><span class='ocrx_word' id='word_1_67' title='bbox 635 1560 891 1634; x_wconf 86' lang='lat' dir='ltr'>culiari</span> <span class='ocrx_word' id='word_1_68' title='bbox 930 1558 1425 1634; x_wconf 84' lang='lat' dir='ltr'>discernenda</span> <span class='ocrx_word' id='word_1_69' title='bbox 1470 1559 1731 1638; x_wconf 85' lang='lat' dir='ltr'>odore.</span> <span class='ocrx_word' id='word_1_70' title='bbox 1839 1558 2124 1632; x_wconf 88' lang='lat' dir='ltr'>Addito</span> <span class='ocrx_word' id='word_1_71' title='bbox 2169 1558 2526 1634; x_wconf 88' lang='lat' dir='ltr'>saccharo</span> 
     </span>
     <span class='ocr_line' id='line_1_13' title="bbox 638 1655 2525 1762; baseline 0.001 -28"><span class='ocrx_word' id='word_1_72' title='bbox 638 1660 857 1742; x_wconf 77' lang='lat' dir='ltr'>nulla,</span> <span class='ocrx_word' id='word_1_73' title='bbox 888 1684 1077 1762; x_wconf 85' lang='lat' dir='ltr'>opus</span> <span class='ocrx_word' id='word_1_74' title='bbox 1105 1657 1204 1734; x_wconf 89' lang='lat' dir='ltr'>est</span> <span class='ocrx_word' id='word_1_75' title='bbox 1258 1657 1614 1734; x_wconf 85' lang='lat' dir='ltr'>menstrui</span> <span class='ocrx_word' id='word_1_76' title='bbox 1663 1655 2354 1756; x_wconf 85' lang='lat' dir='ltr'>decompofitione,</span> <span class='ocrx_word' id='word_1_77' title='bbox 2384 1684 2525 1736; x_wconf 90' lang='lat' dir='ltr'>nec</span> 
     </span>
    </p>
   </div>
   <div class='ocr_carea' id='block_1_3' title="bbox 528 1759 2542 1864">
    <p class='ocr_par' dir='ltr' id='par_1_3' title="bbox 528 1759 2542 1864">
     <span class='ocr_line' id='line_1_14' title="bbox 528 1759 2542 1864; baseline -0.001 -27"><span class='ocrx_word' id='word_1_78' title='bbox 528 1849 533 1856; x_wconf 21' lang='grc' dir='ltr'><strong><em>Δ</em></strong></span> <span class='ocrx_word' id='word_1_79' title='bbox 634 1761 820 1838; x_wconf 85' lang='lat' dir='ltr'>ullus</span> <span class='ocrx_word' id='word_1_80' title='bbox 872 1761 1337 1863; x_wconf 80' lang='lat' dir='ltr'>pr&#39;ovocatur</span> <span class='ocrx_word' id='word_1_81' title='bbox 1384 1785 1589 1857; x_wconf 86' lang='lat' dir='ltr'>aquae</span> <span class='ocrx_word' id='word_1_82' title='bbox 1639 1763 1840 1863; x_wconf 81' lang='lat' dir='ltr'>regis</span> <span class='ocrx_word' id='word_1_83' title='bbox 1894 1759 2111 1834; x_wconf 87' lang='lat' dir='ltr'>odor.</span> <span class='ocrx_word' id='word_1_84' title='bbox 2231 1762 2406 1836; x_wconf 78' lang='lat' dir='ltr'>Aiia</span> <span class='ocrx_word' id='word_1_85' title='bbox 2466 1764 2542 1864; x_wconf 20' lang='lat' dir='ltr'>i-.</span> 
     </span>
    </p>
   </div>
   <div class='ocr_carea' id='block_1_4' title="bbox 632 1859 2528 2444">
    <p class='ocr_par' dir='ltr' id='par_1_4' title="bbox 632 1859 2528 2444">
     <span class='ocr_line' id='line_1_15' title="bbox 636 1859 2527 1962; baseline 0.001 -28"><span class='ocrx_word' id='word_1_86' title='bbox 636 1863 884 1948; x_wconf 73' lang='lat' dir='ltr'>donea</span> <span class='ocrx_word' id='word_1_87' title='bbox 937 1859 1382 1962; x_wconf 84' lang='lat' dir='ltr'>phlogistica</span> <span class='ocrx_word' id='word_1_88' title='bbox 1434 1861 1768 1936; x_wconf 75' lang='lat' dir='ltr'>similiter</span> <span class='ocrx_word' id='word_1_89' title='bbox 1821 1860 2041 1934; x_wconf 84' lang='lat' dir='ltr'>calcis</span> <span class='ocrx_word' id='word_1_90' title='bbox 2090 1861 2332 1962; x_wconf 79' lang='lat' dir='ltr'>nigrae</span> <span class='ocrx_word' id='word_1_91' title='bbox 2405 1861 2527 1936; x_wconf 88' lang='lat' dir='ltr'>so-</span> 
     </span>
     <span class='ocr_line' id='line_1_16' title="bbox 633 1959 2526 2062; baseline 0.001 -24"><span class='ocrx_word' id='word_1_92' title='bbox 633 1963 999 2038; x_wconf 88' lang='lat' dir='ltr'>lutionem</span> <span class='ocrx_word' id='word_1_93' title='bbox 1076 1961 1520 2060; x_wconf 84' lang='lat' dir='ltr'>perficiunt,</span> <span class='ocrx_word' id='word_1_94' title='bbox 1613 1966 1851 2037; x_wconf 88' lang='lat' dir='ltr'>immo</span> <span class='ocrx_word' id='word_1_95' title='bbox 1946 1959 2526 2062; x_wconf 80' lang='lat' dir='ltr'>hydrargyrum</span> 
     </span>
     <span class='ocr_line' id='line_1_17' title="bbox 635 2062 2528 2164; baseline 0 -26"><span class='ocrx_word' id='word_1_96' title='bbox 635 2064 761 2138; x_wconf 87' lang='lat' dir='ltr'>vel</span> <span class='ocrx_word' id='word_1_97' title='bbox 817 2062 1057 2164; x_wconf 87' lang='lat' dir='ltr'>ipsum</span> <span class='ocrx_word' id='word_1_98' title='bbox 1105 2087 1361 2136; x_wconf 88' lang='lat' dir='ltr'>aurum</span> <span class='ocrx_word' id='word_1_99' title='bbox 1393 2117 1412 2152; x_wconf 90' lang='lat'>,</span> <span class='ocrx_word' id='word_1_100' title='bbox 1459 2089 1778 2160; x_wconf 87' lang='lat' dir='ltr'>quorum</span> <span class='ocrx_word' id='word_1_101' title='bbox 1836 2079 2185 2138; x_wconf 81' lang='lat' dir='ltr'>neutrum</span> <span class='ocrx_word' id='word_1_102' title='bbox 2240 2065 2418 2140; x_wconf 87' lang='lat' dir='ltr'>alias</span> <span class='ocrx_word' id='word_1_103' title='bbox 2453 2087 2528 2138; x_wconf 89' lang='lat' dir='ltr'>a-</span> 
     </span>
     <span class='ocr_line' id='line_1_18' title="bbox 636 2162 2524 2266; baseline 0.001 -26"><span class='ocrx_word' id='word_1_104' title='bbox 636 2162 809 2240; x_wconf 89' lang='lat' dir='ltr'>cido</span> <span class='ocrx_word' id='word_1_105' title='bbox 878 2165 1269 2237; x_wconf 83' lang='lat' dir='ltr'>muriatico</span> <span class='ocrx_word' id='word_1_106' title='bbox 1357 2163 1641 2238; x_wconf 67' lang='lat' dir='ltr'>direste</span> <span class='ocrx_word' id='word_1_107' title='bbox 1731 2164 1968 2251; x_wconf 83' lang='lat' dir='ltr'>cedit,</span> <span class='ocrx_word' id='word_1_108' title='bbox 2059 2164 2524 2266; x_wconf 75' lang='lat' dir='ltr'>magnesiam</span> 
     </span>
     <span class='ocr_line' id='line_1_19' title="bbox 636 2261 2519 2368; baseline 0.001 -28"><span class='ocrx_word' id='word_1_109' title='bbox 636 2267 1079 2341; x_wconf 81' lang='lat' dir='ltr'>calcinatum</span> <span class='ocrx_word' id='word_1_110' title='bbox 1137 2261 1265 2339; x_wconf 88' lang='lat' dir='ltr'>suo</span> <span class='ocrx_word' id='word_1_111' title='bbox 1314 2264 1692 2366; x_wconf 77' lang='lat' dir='ltr'>phlogisto</span> <span class='ocrx_word' id='word_1_112' title='bbox 1745 2266 2002 2362; x_wconf 87' lang='lat' dir='ltr'>juvant</span> <span class='ocrx_word' id='word_1_113' title='bbox 2063 2262 2143 2340; x_wconf 84' lang='lat'>&amp;</span> <span class='ocrx_word' id='word_1_114' title='bbox 2195 2268 2294 2342; x_wconf 87' lang='lat' dir='ltr'>ita</span> <span class='ocrx_word' id='word_1_115' title='bbox 2354 2265 2519 2368; x_wconf 87' lang='lat' dir='ltr'><strong>spo·</strong></span> 
     </span>
     <span class='ocr_line' id='line_1_20' title="bbox 632 2363 1981 2444; baseline -0.002 -1"><span class='ocrx_word' id='word_1_116' title='bbox 632 2367 803 2444; x_wconf 84' lang='lat' dir='ltr'>liata</span> <span class='ocrx_word' id='word_1_117' title='bbox 864 2363 1075 2443; x_wconf 87' lang='lat' dir='ltr'>fimul</span> <span class='ocrx_word' id='word_1_118' title='bbox 1129 2363 1589 2443; x_wconf 83' lang='lat' dir='ltr'>menstruum</span> <span class='ocrx_word' id='word_1_119' title='bbox 1646 2364 1981 2443; x_wconf 87' lang='lat' dir='ltr'>subeunt.</span> 
     </span>
    </p>
   </div>
   <div class='ocr_carea' id='block_1_5' title="bbox 632 2538 2523 3049">
    <p class='ocr_par' dir='ltr' id='par_1_5' title="bbox 632 2538 2523 3049">
     <span class='ocr_line' id='line_1_21' title="bbox 786 2538 2522 2643; baseline 0.002 -28"><span class='ocrx_word' id='word_1_120' title='bbox 786 2541 1267 2615; x_wconf 70' lang='grc' dir='ltr'>ΜΑοΝεςῐυΜ</span> <span class='ocrx_word' id='word_1_121' title='bbox 1329 2538 1617 2618; x_wconf 88' lang='lat' dir='ltr'>salitum</span> <span class='ocrx_word' id='word_1_122' title='bbox 1693 2540 2270 2640; x_wconf 10' lang='lat' dir='ltr'>vixsdistinffls</span> <span class='ocrx_word' id='word_1_123' title='bbox 2335 2568 2522 2643; x_wconf 83' lang='lat' dir='ltr'><strong>prae·</strong></span> 
     </span>
     <span class='ocr_line' id='line_1_22' title="bbox 632 2639 2521 2741; baseline 0.003 -26"><span class='ocrx_word' id='word_1_124' title='bbox 632 2641 761 2741; x_wconf 89' lang='lat' dir='ltr'>bet</span> <span class='ocrx_word' id='word_1_125' title='bbox 805 2639 1237 2741; x_wconf 77' lang='lat' dir='ltr'>crysta1108‚</span> <span class='ocrx_word' id='word_1_126' title='bbox 1290 2639 1417 2716; x_wconf 88' lang='lat' dir='ltr'>sed</span> <span class='ocrx_word' id='word_1_127' title='bbox 1469 2641 1769 2717; x_wconf 82' lang='lat' dir='ltr'>maffam</span> <span class='ocrx_word' id='word_1_128' title='bbox 1846 2641 2196 2735; x_wconf 82' lang='lat' dir='ltr'>salinam,</span> <span class='ocrx_word' id='word_1_129' title='bbox 2274 2644 2521 2720; x_wconf 88' lang='lat' dir='ltr'>humi·</span> 
     </span>
     <span class='ocr_line' id='line_1_23' title="bbox 634 2742 2522 2845; baseline 0.001 -28"><span class='ocrx_word' id='word_1_130' title='bbox 634 2742 835 2817; x_wconf 64' lang='lat' dir='ltr'>dum·3</span> <span class='ocrx_word' id='word_1_131' title='bbox 906 2750 1205 2815; x_wconf 71' lang='lat' dir='ltr'>aereum</span> <span class='ocrx_word' id='word_1_132' title='bbox 1290 2746 1815 2826; x_wconf 84' lang='lat' dir='ltr'>attrahentem.</span> <span class='ocrx_word' id='word_1_133' title='bbox 1957 2743 2189 2845; x_wconf 82' lang='lat' dir='ltr'>Qod</span> <span class='ocrx_word' id='word_1_134' title='bbox 2293 2744 2522 2820; x_wconf 84' lang='lat' dir='ltr'>alkali</span> 
     </span>
     <span class='ocr_line' id='line_1_24' title="bbox 632 2842 2523 2946; baseline 0.001 -29"><span class='ocrx_word' id='word_1_135' title='bbox 632 2842 1139 2946; x_wconf 81' lang='lat' dir='ltr'>praecipitatur</span> <span class='ocrx_word' id='word_1_136' title='bbox 1203 2868 1350 2945; x_wconf 89' lang='lat' dir='ltr'>pro</span> <span class='ocrx_word' id='word_1_137' title='bbox 1421 2868 1504 2921; x_wconf 80' lang='lat' dir='ltr'>re</span> <span class='ocrx_word' id='word_1_138' title='bbox 1577 2866 1748 2919; x_wconf 85' lang='lat' dir='ltr'>nata</span> <span class='ocrx_word' id='word_1_139' title='bbox 1815 2842 2056 2938; x_wconf 81' lang='lat' dir='ltr'>albet,</span> <span class='ocrx_word' id='word_1_140' title='bbox 2105 2844 2334 2922; x_wconf 85' lang='lat' dir='ltr'>flavet</span> <span class='ocrx_word' id='word_1_141' title='bbox 2393 2844 2523 2923; x_wconf 87' lang='lat' dir='ltr'>vel</span> 
     </span>
     <span class='ocr_line' id='line_1_25' title="bbox 633 2942 1000 3049; baseline -0.014 -29"><span class='ocrx_word' id='word_1_142' title='bbox 633 2942 1000 3049; x_wconf 83' lang='lat' dir='ltr'>nigrescit.</span> 
     </span>
    </p>
   </div>
   <div class='ocr_carea' id='block_1_6' title="bbox 565 3109 2523 3894">
    <p class='ocr_par' dir='ltr' id='par_1_6' title="bbox 565 3109 2523 3819">
     <span class='ocr_line' id='line_1_26' title="bbox 780 3109 2519 3213; baseline 0.001 -26"><span class='ocrx_word' id='word_1_143' title='bbox 780 3110 1018 3211; x_wconf 70' lang='lat' dir='ltr'>Qum</span> <span class='ocrx_word' id='word_1_144' title='bbox 1094 3109 1366 3185; x_wconf 79' lang='lat' dir='ltr'>acidum</span> <span class='ocrx_word' id='word_1_145' title='bbox 1423 3109 1674 3203; x_wconf 82' lang='lat' dir='ltr'>fluoris</span> <span class='ocrx_word' id='word_1_146' title='bbox 1751 3111 2133 3213; x_wconf 85' lang='lat' dir='ltr'>magnefio</span> <span class='ocrx_word' id='word_1_147' title='bbox 2176 3111 2519 3211; x_wconf 73' lang='lat' dir='ltr'>junstum</span> 
     </span>
     <span class='ocr_line' id='line_1_27' title="bbox 631 3208 2521 3306; baseline 0.001 -19"><span class='ocrx_word' id='word_1_148' title='bbox 631 3208 857 3287; x_wconf 87' lang='lat' dir='ltr'>salem</span> <span class='ocrx_word' id='word_1_149' title='bbox 934 3210 1281 3288; x_wconf 85' lang='lat' dir='ltr'>conficiat</span> <span class='ocrx_word' id='word_1_150' title='bbox 1338 3209 1733 3287; x_wconf 86' lang='lat' dir='ltr'>difficulter</span> <span class='ocrx_word' id='word_1_151' title='bbox 1818 3214 2209 3291; x_wconf 83' lang='lat' dir='ltr'>solubilem</span> <span class='ocrx_word' id='word_1_152' title='bbox 2232 3266 2255 3306; x_wconf 86' lang='lat'>,</span> <span class='ocrx_word' id='word_1_153' title='bbox 2345 3212 2521 3289; x_wconf 85' lang='lat' dir='ltr'>satis</span> 
     </span>
     <span class='ocr_line' id='line_1_28' title="bbox 630 3310 2522 3413; baseline 0.002 -27"><span class='ocrx_word' id='word_1_154' title='bbox 630 3312 809 3390; x_wconf 86' lang='lat' dir='ltr'>inde</span> <span class='ocrx_word' id='word_1_155' title='bbox 874 3334 1077 3413; x_wconf 89' lang='lat' dir='ltr'>patet</span> <span class='ocrx_word' id='word_1_156' title='bbox 1144 3312 1335 3405; x_wconf 86' lang='lat' dir='ltr'>illius</span> <span class='ocrx_word' id='word_1_157' title='bbox 1412 3310 1758 3389; x_wconf 76' lang='lat' dir='ltr'>solvendi</span> <span class='ocrx_word' id='word_1_158' title='bbox 1825 3321 2181 3391; x_wconf 85' lang='lat' dir='ltr'>virtutem</span> <span class='ocrx_word' id='word_1_159' title='bbox 2249 3314 2522 3389; x_wconf 88' lang='lat' dir='ltr'>admo·</span> 
     </span>
     <span class='ocr_line' id='line_1_29' title="bbox 632 3410 2523 3514; baseline 0.002 -28"><span class='ocrx_word' id='word_1_160' title='bbox 632 3416 813 3489; x_wconf 89' lang='lat' dir='ltr'>dum</span> <span class='ocrx_word' id='word_1_161' title='bbox 866 3410 1011 3489; x_wconf 82' lang='lat' dir='ltr'>effe</span> <span class='ocrx_word' id='word_1_162' title='bbox 1058 3411 1434 3503; x_wconf 81' lang='lat' dir='ltr'>debilem,</span> <span class='ocrx_word' id='word_1_163' title='bbox 1491 3439 1661 3489; x_wconf 89' lang='lat' dir='ltr'>nam</span> <span class='ocrx_word' id='word_1_164' title='bbox 1716 3416 2131 3514; x_wconf 69' lang='lat' dir='ltr'>particulae,</span> <span class='ocrx_word' id='word_1_165' title='bbox 2173 3413 2324 3490; x_wconf 77' lang='lat' dir='ltr'>cito</span> <span class='ocrx_word' id='word_1_166' title='bbox 2355 3440 2523 3489; x_wconf 83' lang='lat' dir='ltr'>cru·</span> 
     </span>
     <span class='ocr_line' id='line_1_30' title="bbox 565 3511 2520 3605; baseline 0.002 -18"><span class='ocrx_word' id='word_1_167' title='bbox 565 3558 576 3576; x_wconf 47' lang='grc' dir='ltr'><em>κ</em></span> <span class='ocrx_word' id='word_1_168' title='bbox 630 3512 1003 3591; x_wconf 79' lang='lat' dir='ltr'>sta&#39;salina</span> <span class='ocrx_word' id='word_1_169' title='bbox 1047 3511 1546 3605; x_wconf 74' lang='lat' dir='ltr'>circumdatae,</span> <span class='ocrx_word' id='word_1_170' title='bbox 1597 3514 1948 3591; x_wconf 85' lang='lat' dir='ltr'>menstrui</span> <span class='ocrx_word' id='word_1_171' title='bbox 1996 3514 2288 3592; x_wconf 69' lang='lat' dir='ltr'>astione</span> <span class='ocrx_word' id='word_1_172' title='bbox 2335 3516 2520 3591; x_wconf 88' lang='lat' dir='ltr'>libe·</span> 
     </span>
     <span class='ocr_line' id='line_1_31' title="bbox 629 3615 2519 3715; baseline -0.001 -22"><span class='ocrx_word' id='word_1_173' title='bbox 629 3630 923 3703; x_wconf 81' lang='lat' dir='ltr'>rantur,</span> <span class='ocrx_word' id='word_1_174' title='bbox 972 3615 1306 3715; x_wconf 83' lang='lat' dir='ltr'>repetitis</span> <span class='ocrx_word' id='word_1_175' title='bbox 1352 3635 1603 3691; x_wconf 86' lang='lat' dir='ltr'>tamen</span> <span class='ocrx_word' id='word_1_176' title='bbox 1651 3616 2158 3692; x_wconf 85' lang='lat' dir='ltr'>additionibus</span> <span class='ocrx_word' id='word_1_177' title='bbox 2210 3615 2519 3691; x_wconf 88' lang='lat' dir='ltr'>tandem</span> 
     </span>
     <span class='ocr_line' id='line_1_32' title="bbox 629 3713 2520 3819; baseline -0.004 -23"><span class='ocrx_word' id='word_1_178' title='bbox 629 3742 808 3797; x_wconf 76' lang='lat' dir='ltr'>acor</span> <span class='ocrx_word' id='word_1_179' title='bbox 860 3715 1103 3794; x_wconf 85' lang='lat' dir='ltr'>satiari</span> <span class='ocrx_word' id='word_1_180' title='bbox 1157 3713 1420 3819; x_wconf 83' lang='lat' dir='ltr'>potest.</span> <span class='ocrx_word' id='word_1_181' title='bbox 1527 3718 1603 3793; x_wconf 87' lang='lat' dir='ltr'>Si</span> <span class='ocrx_word' id='word_1_182' title='bbox 1653 3718 1902 3795; x_wconf 86' lang='lat' dir='ltr'>Alkali</span> <span class='ocrx_word' id='word_1_183' title='bbox 1967 3718 2270 3796; x_wconf 87' lang='lat' dir='ltr'>volatile</span> <span class='ocrx_word' id='word_1_184' title='bbox 2329 3717 2520 3791; x_wconf 83' lang='lat' dir='ltr'>fluo-</span> 
     </span>
    </p>

    <p class='ocr_par' dir='ltr' id='par_1_7' title="bbox 1882 3838 2517 3894">
     <span class='ocr_line' id='line_1_33' title="bbox 1882 3838 2517 3894; baseline 0.003 -2"><span class='ocrx_word' id='word_1_185' title='bbox 1882 3850 1896 3857; x_wconf 87' lang='grc'>-</span> <span class='ocrx_word' id='word_1_186' title='bbox 2269 3838 2517 3894; x_wconf 82' lang='lat' dir='ltr'>ratum</span> 
     </span>
    </p>
   </div>
  </div>
 </body>
</html>
