2760 4749
622 318 781 425 358
976 302 1097 393 De
1152 304 1695 415 Praecipitatis
1753 296 2244 398 Metallicis.

610 517 998 595 dilatatam
1052 514 1386 594 formam
1418 568 1439 607 ‚
1492 516 1684 593 adeo
1723 538 1806 594 ut
1854 516 2418 617 aerea-levitate
2451 540 2537 595 e·

608 639 969 723 mergant
1016 617 1098 696 &
1162 640 1257 695 ex
1312 618 1586 693 iisdem
1645 614 1940 719 punitis
1990 642 2142 695 una
2203 604 2540 695 alteram‘

604 718 863 821 pellat.
968 718 1297 796 Acidurn
1380 717 1751 795 nitrosum
1811 716 2081 815 majori
2157 719 2532 795 aviditate

608 818 959 913 satiatur,
1008 821 1333 919 ideoque
1385 829 1688 897 aereum
1737 816 2198 923 produEtum
2244 842 2528 921 aquam

605 918 892 1017 respuit
942 920 1025 997 &
1075 921 1272 1019 acidi
1327 917 1644 1025 vestigia
1693 944 1899 1024 aegre
1947 920 2258 1001 revelat.
2369 920 2526 997 Hae

604 1020 1059 1125 synthetieae
1116 1019 1688 1099 observationes
1727 1023 2060 1125 -egregie
2121 1019 2526 1122 analyticis

602 1120 1136 1213 consentiunt,
1192 1146 1365 1197 nam
1414 1124 1861 1199 adveniente
1908 1132 2080 1205 aere
2115 1145 2342 1223 puro,
2385 1124 2526 1222 qui

602 1222 851 1301 adhuc
886 1224 1269 1323 potentius
1310 1221 1750 1326 phlogiston
1789 1222 2123 1314 attrahit,
2179 1222 2519 1317 acidum,

598 1324 737 1403 illo
784 1321 1093 1415 amiiso,
1144 1320 1536 1424 pristinam
1602 1348 1784 1399 mox
1842 1344 2240 1423 recuperat
2287 1320 2518 1398 indo·

597 1424 777 1503 lem.
882 1422 1243 1501 Ceterum
1288 1432 1420 1499 aer
1471 1421 1791 1501 nitrosus
1837 1422 2170 1526 paullum
2221 1422 2516 1517 differt,

596 1548 835 1627 quum
886 1549 1050 1601 non
1103 1544 1400 1600 tantum
1451 1524 1548 1600 ad
1599 1524 2214 1601 obliterationem
2270 1548 2519 1624 usque

594 1624 835 1705 acidae
910 1645 1193 1703 naturae
1256 1625 1446 1725 phlo
1506 1622 1698 1702 iston
1765 1622 2296 1719 absorbeatur,
2379 1625 2518 1703 sed

592 1729 825 1807 etiarn
862 1725 1076 1805 ultra.
1184 1724 1365 1802 Hoc
1412 1749 1465 1826 p
1496 1726 1752 1803 uribus
1806 1730 2000 1803 novi
2027 1729 2520 1826 experimen·

590 1830 737 1920 tis,
810 1850 1134 1928 quorum
1193 1826 1367 1903 heic
1435 1824 1740 1903 unicum
1811 1850 2240 1903 memorare
2313 1824 2522 1905 suffi-

590 1930 779 2023 ciat,
835 1926 1566 2028 decompofitionem
1617 1928 1979 2005 nimirum
2033 1928 2228 2005 aeris
2283 1926 2518 2031 hepa-

588 2030 725 2109 tici
784 2052 937 2131 ope
988 2032 1179 2105 aeris
1249 2024 1510 2103 nitrofi
1554 2030 1644 2130 c).

736 2180 1053 2257 Aornum
1104 2183 1557 2258 muriaticam
1613 2202 1818 2257 nova
1865 2179 2154 2282 praebet
2218 2178 2269 2257 s
2313 2178 2513 2259 esta-

588 2277 781 2358 tula.
884 2280 1067 2357 Hoc
1119 2284 1197 2357 in
1252 2278 1388 2359 suo
1460 2280 1620 2358 sinu
1686 2279 2128 2387 phlogiston
2268 2302 2512 2377 ovet,

584 2381 673 2460 δι
740 2381 1122 2460 mediante
1191 2382 1325 2462 illo
1395 2384 1478 2459 in
1566 2405 1818 2459 auram
1911 2382 2280 2460 elasticam
2390 2409 2515 2461 re-

582 2479 781 2560 solvi
833 2480 1077 2584 potest
1134 2479 1266 2559 sub
1324 2485 1640 2562 nomine
1695 2485 1882 2558 αένίε
1911 2488 2326 2575 muriatici‚
2374 2487 2514 2584 qui

580 2580 739 2661 fine
792 2599 999 2683 ‘aquae
1052 2582 1404 2660 contastu
1452 2581 1813 2687 persistit,
1877 2582 2006 2662 sed
2066 2587 2177 2662 uti
2231 2587 2511 2662 vitrio-

580 2683 794 2776 licus,
847 2683 970 2760 illa
1028 2681 1506 2781 adveniente,
1558 2686 1638 2760 in
1699 2681 1994 2763 acidum
2027 2683 2192 2762 salis
2231 2687 2513 2790 vulga.

579 2807 668 2862 re
720 2785 899 2861 abit.
1002 2783 1259 2886 Quum
1323 2785 1497 2864 heic
1563 2785 1756 2886 phlo
1815 2784 2011 2863 iston
2077 2811 2220 2887 per
2295 2810 2512 2865 natu·

578 2908 747 2964 ram
790 2885 1195 2976 inhaereat,
1254 2912 1414 2964 non
1467 2909 1658 2986 opus
1711 2909 1750 2960 e
1858 2889 2332 2990 peregrine,
2388 2889 2508 2966 in·

576 2985 806 3062 terim
861 3006 1117 3062 tamen
1174 2987 1343 3080 hic,
1392 2988 1498 3063 uti
1547 2984 1876 3064 nitrosus
1925 3000 2096 3082 aer,
2145 2986 2278 3066 sub
2337 2987 2505 3068 for·

574 3110 703 3162 ma
757 3086 1012 3163 inflata
1061 3088 1372 3188 notabili
1426 3086 1778 3164 aviditate
1833 3089 2206 3190 majorem
2252 3091 2507 3170 ambit

574 3189 911 3264 materiae
965 3187 1527 3266 inflammabilis
1578 3192 2094 3290 quantitatem.

737 3331 865 3412 A‘r
937 3337 1257 3412 naturali
1330 3339 1693 3442 phlogisti
1767 3365 1858 3420 co
1918 3343 1987 3418 ia
2063 3342 2505 3444 diminuta,

571 3432 874 3512 acidum
926 3438 1404 3515 mut-iaticum
1463 3441 1662 3516 aliud
1701 3467 1864 3544 prae
1920 3464 1996 3520 et
2045 3443 2372 3524 fluidum
2425 3474 2508 3526 e·

572 3533 905 3614 lasticum
940 3593 965 3633 ,
1030 3563 1073 3618 e
1132 3537 1299 3618 tufo
1348 3539 1678 3634 fuscum,
1723 3545 2154 3650 particulari
2203 3550 2508 3652 praedi-

2319 3671 2498 3732 tum

656 3805 723 3890 ε’)
764 3808 856 3876 De
899 3773 1132 3876 ῥύσει-ῖς
1171 3807 1363 3886 zinci,
1409 3811 1466 3891 §-
1503 3795 1624 3884 IX,
1663 3795 1754 3887 Ε,
