2760 4749
640 345 755 439 38
1222 326 1349 415 De
1404 344 1622 416 terra
1669 326 1962 435 silicea.
2031 456 2037 464 .

640 562 687 616 e
748 535 1015 637 majori
1068 536 1220 613 fine
1270 534 1502 617 dubio
1551 540 1777 620 filicei
1825 538 2002 618 dofi.
2106 541 2541 637 Utrumque

643 640 918 717 horum
974 637 1568 718 sedimentorum
1625 641 2030 720 salinorum
2105 637 2320 716 fovet
2391 640 2542 715 aci·

644 738 827 816 dum
884 740 1432 840 flu01·iS‚'qu0d
1471 740 1725 817 addito
1769 742 2152 820 vitriolico
2211 743 2546 830 mittunt,

645 841 726 921 &
782 841 1133 919 consueta
1216 842 1728 944 phaenomena
1799 866 2252 941 provocant.
2382 838 2548 941 Qi

644 947 810 1019 haec
885 944 1129 1019 obiter
1201 940 1588 1033 observat,
1640 942 1878 1018 facile
1939 944 2070 1019 fibi
2142 940 2548 1042 persuadet

646 1042 885 1145 ipsum
942 1044 1111 1119 heic
1162 1041 1404 1119 adesse
1455 1045 1772 1122 fluorem
1841 1044 2328 1135 mineralem,
2395 1042 2549 1118 aci·

647 1146 829 1223 dum
876 1146 1407 1233 comitantem,
1469 1143 1590 1220 sed
1651 1150 1991 1223 errorem
2070 1145 2357 1245 detegit
2416 1140 2550 1218 ad-

648 1247 968 1323 curatius
1021 1267 1364 1321 examen.
1469 1246 1764 1321 Scilicet
1815 1243 2188 1323 refiduum
2223 1240 2386 1343 post
2415 1241 2550 1323 de-

646 1347 1125 1425 stillationem
1177 1344 1436 1419 fluoris
1489 1346 1803 1425 obvium
1860 1344 2156 1445 semper
2209 1340 2549 1447 gypsum

650 1448 1024 1535 continet,
1080 1443 1464 1520 interdum
1518 1448 1842 1522 alumine
1896 1446 1974 1523 δι
2029 1446 2277 1520 siliceo
2347 1448 2552 1520 mix-

648 1570 852 1638 tum,
930 1546 1133 1645 quod
1208 1569 1400 1621 vero
1487 1547 1561 1620 in
1651 1546 1903 1623 nostro
1968 1567 2309 1628 remanet
2375 1542 2554 1627 casu

650 1674 810 1725 non
869 1646 1000 1723 nifi
1058 1645 1273 1721 alkali
1323 1647 1792 1722 vitriolarum
1845 1671 1990 1723 una
2052 1672 2222 1729 cum
2291 1645 2554 1721 filiceo

650 1748 983 1825 exhibet.
1090 1746 1487 1846 Qantane
1558 1772 1746 1847 opus
1823 1745 1928 1831 est
1993 1746 2398 1853 prudentia
2466 1746 2555 1829 &

652 1851 734 1926 δι
818 1846 1275 1947 perspicacia
1348 1846 1649 1950 fatigari
1723 1845 2012 1937 nescia5
2095 1871 2188 1928 ne
2265 1848 2556 1930 nubem

651 1974 799 2123 Ῑὲἶο
852 1949 1147 2097 Jugone
1178 1998 1204 2043 2
1278 1968 1621 2033 errorem,
1673 1973 1816 2056 pro
1870 1950 2204 2034 veritate.
2261 1950 2554 2059 ample-

741 2072 985 2121 amur.
1505 2102 1510 2107 -

766 2196 919 2294 ·E)
1002 2198 1313 2271 Amnum
1384 2206 1723 2291 aereum,
1788 2201 2132 2284 omnium
2210 2196 2557 2281 debiliffi-

653 2324 862 2376 mum
901 2351 921 2390 ‚
972 2296 1342 2398 liquorem
1404 2324 1704 2397 quoque
1758 2299 2037 2376 filicum
2095 2304 2324 2402 praeci
2389 2302 2559 2393 itat²

654 2401 883 2500 idque
954 2401 1104 2478 cito
1167 2398 1247 2484 ὃς
1313 2399 1670 2500 copiose,
1738 2400 1787 2479 fi
1838 2401 2020 2504 justa
2067 2402 2260 2479 dolis
2334 2400 2560 2482 ubito

654 2500 1148 2578 immiscetur.
1248 2499 1396 2588 At,
1459 2499 1512 2574 fi
1581 2500 1870 2602 placet,
1949 2503 2148 2586 nulla
2201 2525 2393 2600 opus
2444 2499 2561 2576 est

656 2599 1127 2700 admistionez
1179 2596 1440 2677 sufficit
1489 2601 1692 2700 quod
1739 2602 2261 2702 atmosphaerae
2317 2625 2562 2704 expo-.-

656 2721 875 2774 natur
946 2700 1195 2795 liquor
1272 2698 1394 2773 vel
1475 2724 1812 2802 apertus,
1890 2703 2014 2784 vel
2097 2701 2562 2807 imperfee1e

658 2795 972 2885 clausus,
1035 2821 1211 2873 nam
1265 2796 1532 2896 sponte
1587 2821 1745 2876 tum
1817 2804 2212 2880 attrahitur
2283 2803 2564 2888 subtile

657 2899 1184 3072 ῗτεεείρίῑεηε,
1258 2897 1462 2993 quod
1535 2921 1792 2984 tamen
1857 2904 2272 2982 admodum
2352 2905 2566 2978 lente

688 2994 983 3070 iliceum
1092 2995 1350 3095 dejicit
1390 3053 1415 3090 ,
1500 3025 1726 3101 prout
1835 3008 2200 3092 nimitum
2331 3004 2566 3090 alkali

660 3104 979 3172 a’erarur.

1497 3284 1557 3384 §.-
1617 3290 1714 3374 v,

660 3401 935 3490 Terra
984 3362 1260 3518 silicea
1350 3408 2030 3526 quoddammodd
2121 3353 2358 3518 salina
2447 3425 2572 3510 in·-

622 3557 629 3564 ·
1298 3521 1488 3612 dole
1538 3529 1866 3646 gaudet.

837 3677 1031 3756 Nou
1112 3679 1279 3758 heic
1349 3705 1797 3790 argumenta
1867 3692 2040 3775 sunt
2110 3695 2448 3798 petenda
2523 3724 2572 3775 a

2379 3825 2567 3902 cry-
