2760 4749
648 342 761 427 70
1131 308 1255 395 De
1310 304 1573 423 lapide
1631 302 2175 442 hydrophanq.

644 526 827 601 bem
880 509 1352 613 scintillante,
1403 516 1642 595 nitida
1691 518 2040 611 fruetura,
2077 518 2388 618 aliisque
2417 540 2548 595 ex·

574 620 583 628 ⁴
643 622 885 703 ternis
936 620 1184 725 fignie.
1263 619 1600 722 ¹Analyfi
1641 619 1982 715 instituta
2029 620 2328 694 obtinui
2396 622 2553 719 qua

644 726 1111 802 maximam‘
1158 742 1456 824 partem
1553 720 1884 797 filiceum
1967 727 2239 821 purum
2286 771 2310 810 .,
2413 743 2576 821 pa·-

646 848 819 904 rutn
903 826 1183 928 argillae
1242 822 1327 901 &
1408 819 1631 899 calcis
1679 820 1903 899 valde
1971 826 2323 925 exiguam
2366 845 2557 932 por·

645 925 1085 1007 tiunculam.

1555 1013 1693 1108 IV,

944 1162 949 1169 ·
1026 1078 1160 1217 oz,
1215 1116 1554 1213 steatite·
1596 1104 2176 1241 hydrophano.

801 1288 1164 1391 QAles
1190 1272 1642 1365 mutabilitas
1661 1287 1816 1385 jam
1856 1285 2318 1386 considerata
2354 1312 2554 1387 prae·

474 1420 480 1427 ·
562 1434 571 1444 -
647 1390 906 1470 sertim
943 1391 1168 1467 fuerit
1204 1392 1516 1466 inventa
1549 1391 1626 1465 in
1665 1388 2034 1489 lapidibus
2061 1386 2322 1464 filiceis
2357 1390 2554 1464 laxi-

646 1497 816 1586 oris,
857 1492 1291 1595 compagiS‚
1340 1514 1500 1579 non
1538 1512 1792 1567 tamen
1843 1488 1986 1566 illis
2024 1492 2241 1564 unice
2290 1490 2553 1589 alliga-

643 1615 720 1671 ta
776 1604 1102 1695 putetur.
1204 1588 1709 1669 Conditiones
1745 1586 2218 1682 necessariae,
2273 1590 2552 1690 quibus

644 1692 811 1772 haec
867 1692 1171 1772 facultas
1221 1712 1732 1793 provocatur,
1775 1692 1855 1767 in
1907 1692 2064 1769 aliis
2115 1714 2416 1791 quoque
2445 1688 2548 1765 la·

641 1794 913 1896 pidum
966 1793 1269 1870 familiis
1319 1792 1572 1868 locum
1619 1790 1896 1870 habere
1941 1788 2294 1891 possunt,
2333 1792 2548 1895 quod

645 1898 875 1974 etiam
928 1892 1293 1997 exemplo'
1346 1892 1520 1969 heic
1564 1890 2034 1994 probabitur.
2070 1974 2086 1985 ,

800 2037 1213 2115 stannes
1265 2037 1347 2117 &
1407 2062 1552 2137 qua
1604 2036 1992 2129 colorem,
2039 2034 2120 2114 &
2185 2039 2332 2137 qua
2377 2062 2550 2144 par·

574 2161 589 2239 j
645 2136 1042 2215 ticularum
1108 2137 1590 2218 subtilitatem
1670 2138 1987 2215 multum
2060 2140 2350 2227 variat,
2435 2144 2550 2219 uti

647 2238 917 2315 notum
974 2236 1097 2316 est.
1202 2241 1288 2316 ln
1355 2238 1506 2317 hoc
1568 2262 1870 2338 quoque
1938 2258 2220 2339 genere
2304 2240 2550 2317 inter·

645 2338 831 2417 dum
882 2340 1214 2419 occurrit
1264 2339 1428 2418 talis
1486 2338 1892 2434 stntEtura,
1946 2362 2112 2439 quae
2172 2362 2380 2440 aquae
2435 2343 2553 2420 in-

643 2446 964 2522 troitum
1022 2443 1438 2541 permittit,
1484 2441 1564 2522 &
1611 2465 1841 2540 quum
1894 2437 2554 2522 ultradimidium.

708 2543 949 2620 ondus
996 2541 1283 2623 constet
1318 2542 1706 2619 moleculis
1755 2540 2014 2617 filiceis
2045 2597 2069 2634 ,
2124 2539 2322 2646 saepe
2366 2565 2545 2643 per-

676 2643 959 2733 ueidi3‚
1024 2643 1223 2720 haud
1294 2639 1694 2722 difficulter
1759 2641 2204 2746 intelligitur
2285 2640 2548 2737 causa,

648 2767 797 2842 qua
846 2742 973 2820 fiat
1021 2735 1437 2842 limpidio‘r.
1562 2743 1888 2821 Tantam
1971 2765 2164 2820 vero
2246 2743 2550 2824 clarita·

538 2861 565 2882 ‘
646 2863 803 2920 tem
856 2843 988 2917 vix
1042 2847 1420 2948 attingunt
1463 2840 1766 2928 steatitae
1823 2839 2354 2947 hydrophani,
2383 2868 2548 2921 ma-

646 2939 899 3041 gnefia
965 2939 1177 3020 ssmul
1243 2941 1520 3037 onusti,
1599 2968 1683 3022 ac
1725 2946 1867 3022 toti
1912 2942 2182 3035 filicei‚
2235 2947 2362 3046 qui
2433 2965 2549 3023 et·

646 3046 797 3120 iam
852 3039 1121 3122 duritie
1176 3047 1566 3138 eminent,
1625 3045 1964 3147 quamvis
1997 3043 2338 3124 colorum
2379 3044 2552 3146 pul·

648 3141 1079 3222 chritudine
1129 3143 1212 3224 ὃς
1272 3146 1630 3223 varietate
1681 3145 1824 3222 illis
1889 3144 2334 3248 plerumque
2377 3147 2552 3251 pal-

548 3255 562 3262 “
647 3268 851 3319 mam
901 3243 1172 3324 cedere
1224 3269 1314 3320 eo
1376 3268 1613 3324 antur.
1719 3244 2070 3337 Rubr0s‚
2127 3247 2361 3337 albos,
2386 3247 2548 3350 gri-

645 3343 813 3422 seos
862 3344 944 3424 &
997 3344 1279 3421 virides
1350 3346 1548 3445 1ujus
1608 3347 2094 3449 proprietatis
2161 3367 2550 3427 memorat

646 3445 787 3522 Dr.
844 3447 1318 3536 Baucxmu,
1393 3449 1560 3546 qui,
1619 3471 1698 3526 ut
1751 3469 2324 3547 praeparentur,
2397 3446 2549 3528 de·

646 3543 1077 3622 costionem
1112 3546 1322 3644 jubet
1362 3549 1694 3648 primum
1737 3551 1818 3626 in
1842 3548 2116 3626 lixivio
2167 3547 2544 3643 alkalino,

647 3644 828 3752 dein
882 3669 1127 3726 autem
1159 3649 1237 3723 in
1290 3672 1500 3726 aceto
1528 3653 1610 3748 i).
2319 3650 2542 3738 Mul.-

724 3817 777 3902 ι)
821 3815 1103 3906 Βεγυὸςε
1146 3839 1220 3883 zu
1261 3816 1439 3883 seiner
1483 3820 1643 3888 Abh.
1691 3840 1804 3883 von
1840 3815 2290 3903 Edelgesteinen·
