2760 4749
614 336 781 423 334
1108 304 1235 397 De
1292 306 1652 399 Minoris
1707 302 1974 398 Zinct'.

756 524 1159 603 Rasmuuu
1206 522 1658 600 calcinatum
1709 520 2097 629 nigrescit.

766 706 865 807 B)
924 708 1119 811 Qut
1169 704 1544 786 restabant
1599 722 1692 805 83
1753 728 2048 809 partes,
2091 700 2337 807 triplo
2373 704 2540 783 aci·

612 808 699 889 tli
762 812 1127 889 vitriolici
1171 812 1640 887 concentrati
1688 806 2040 911 pondere
2085 806 2538 898 madenteS,

614 914 711 992 ad
756 910 1029 989 siccum
1080 909 1684 1013 perducebantur
1733 932 1786 986 o
1843 934 1885 987 e
1957 909 2180 1013 ignis,
2311 910 2538 988 Dein

612 1037 657 1092 e
716 1010 942 1089 massa
990 1012 1157 1089 alba
1206 1038 1377 1089 cum
1424 1034 1616 1112 aqua
1675 1009 1773 1088 de
1835 1008 2038 1089 illata
2105 1010 2536 1111 coquendo

614 1138 849 1192 omne
898 1114 1215 1193 salinum
1262 1110 1767 1215 separabatur,
1817 1112 1902 1191 &
1951 1119 2000 1191 6
2045 1134 2306 1213 partes
2361 1114 2534 1187 vim

590 1212 973 1291 menstrui
1054 1212 1446 1295 eludentes
1527 1211 2088 1307 remanserunt,
2143 1239 2316 1314 quae
2379 1210 2532 1289 sale

612 1313 1201 1393 microcosmico
1274 1338 1478 1419 tegre
1544 1312 2166 1415 suscipiebantur,
2239 1315 2532 1392 borace

614 1416 907 1495 facilius
958 1420 1043 1493 ἃ.
1087 1414 1313 1492 alkali
1364 1414 1706 1492 minerali
1747 1414 2104 1493 facillime
2163 1442 2344 1492 cum
2425 1416 2528 1491 ef-

613 1516 1163 1609 fervescentia,
1218 1515 1580 1617 fimulque
1633 1516 1920 1614 globuli
1969 1518 2216 1595 ultimi
2285 1516 2531 1605 fusce,-

616 1620 963 1711 (cebant,
1014 1620 1217 1695 unde
1272 1615 1494 1696 hasce
1545 1616 1798 1696 siliceo
1862 1620 2186 1695 martiali
2246 1618 2530 1695 consti·

614 1718 778 1801 tisse
836 1740 1067 1825 patet.

760 1902 849 2003 C)
900 1904 1233 1983 Somno
1282 1926 1439 1979 non
1482 1900 1790 2003 quidem
1843 1900 2018 1981 heic
2065 1902 2338 1981 colore
2407 1930 2528 1983 cue

614 2026 843 2125 prum
885 2008 1189 2123 prodit,
1239 2003 1446 2105 quod
1505 2000 1952 2180 tamendsale
2001 2005 2530 2122 microcosmi-

590 2302 597 2309 ,
614 2103 1760 2289 ssgnlinglgfftbaotffiness'dullglumse
1771 2105 2528 2309 tollitllmlfflmhtssls·

616 2309 901 2392 metalli
953 2313 1325 2412 quantitas
1374 2306 2012 2386 determinaretur
2070 2311 2152 2385 in
2217 2308 2526 2388 solutio·

614 2439 714 2493 ne
762 2413 1042 2490 lamina
1086 2409 1279 2489 ferri
1341 2410 1580 2511 polita
1650 2407 2165 2510 coquebatur,
2254 2439 2522 2511 quam·

616 2519 747 2594 diu
796 2519 957 2615 ejus
1010 2513 1421 2614 quidquam
1465 2508 2048 2612 suscipiebaturs
2126 2513 2522 2614 Sedimen.

614 2639 775 2696 tum
840 2639 1203 2718 cupreum
1272 2611 1705 2700 collectum,
1757 2610 2000 2691 lotum
2052 2613 2134 2691 &
2199 2615 2520 2693 exficca-

612 2741 777 2893 {ubm
815 2718 1175 2894 pondesr}
1204 2739 1258 2812 4
1307 2714 1534 2832 libras
1560 2711 1974 2890 befficiebat,
2093 2718 2418 2796 Lamina
2471 2722 2518 2794 6

640 2845 668 2894 1
724 2841 846 2896 ras
896 2842 1100 2894 am11
1163 2843 1205 2894 e
1258 2839 1556 2918 repene
1615 2837 1802 2893 atur.

768 2999 887 3098 D)
966 3003 1052 3080 In
1137 3001 1480 3104 liquore,
1551 3001 1680 3099 qui
1763 2997 2200 3103 supet-eran
2235 3015 2246 3028 ·
2285 3001 2516 3080 alkali

609 3101 1235 3207 phlogisticatum·
1275 3104 1528 3180 album
1569 3103 1650 3178 ὅτ.
1681 3102 2081 3179 caeruleum
2137 3101 2516 3181 sedimen-

608 3226 775 3280 tum
826 3201 1037 3283 fimul
1086 3206 1537 3304 dejiciebat,
1586 3203 1930 3304 quod&
1978 3208 2178 3284 zinci
2228 3205 2310 3283 &
2361 3207 2514 3283 fer-

606 3307 675 3384 ri
732 3301 1664 3406 indicabatpraesentia'm,
1767 3307 1879 3382 Ut
1932 3331 2128 3385 vero
2177 3331 2514 3410 propor·
2581 3321 2590 3327 ’

607 3409 719 3486 tio
786 3405 1325 3501 innotesceret,
1415 3406 1564 3484 hoc
1635 3409 2004 3508 liquidum
2065 3409 2159 3484 ad
2229 3408 2512 3488 ficcum

607 3531 1314 3690 {ipffifflsssspssssss‘i'
1342 3511 1522 3688 iga?
1543 3509 1685 3690 ιῗέἓ
1721 3509 2514 3714 ⁰ss3ff5¹³333325035

606 3713 882 3796 ficcum
955 3712 1550 3810 abstrahebatur,
1641 3733 1723 3790 ut
1800 3705 2089 3794 ferrum
2159 3715 2515 3894 tandemb,

2405 3843 2460 3896 ο
