2760 4749
998 350 1120 441 De
1185 351 1603 470 Arsenim.
2017 297 2024 304 —
2053 367 2210 465 283
2243 322 2248 340 Ι

1142 565 1205 664 §.
1268 566 1409 644 lv,

316 715 781 809 Arsenici
839 715 2028 830 regulinihabituffialiis
2071 721 2224 804 via

562 828 954 918 humida
1022 829 1430 920 admixti
1490 833 1967 921 materiis·
2273 843 2278 850 '

484 992 601 1090 A)
656 992 848 1072 SOI-A
900 1017 1085 1098 aqua
1135 993 1340 1093 nihil¹
1378 996 1698 1072 omnino
1757 993 1930 1116 heic
2000 989 2225 1068 valet.

497 1139 609 1222 Β)
669 1143 978 1222 Amnum
1033 1145 1318 1220 vitrioli
1362 1171 1519 1222 non
1581 1145 1712 1224 nifi
1780 1166 2230 1222 concentra-

320 1265 487 1324 tum
516 1295 538 1332 ,
570 1241 649 1322 &
689 1242 995 1342 quidem
1051 1247 1231 1345 igne
1278 1241 1680 1344 ddjuvante
1734 1247 2077 1348 regulum
2104 1243 2228 1318 ad-

322 1344 723 1450 greditur,
778 1344 981 1442 cujus
1117 1368 1230 1424 ars
1307 1347 1868 1426 inflammabilis
1931 1345 2233 1424 acidum

322 1443 870 1552 phlogisticans
924 1470 1067 1520 avo
1098 1468 1168 1521 at
1191 1462 1222 1536 ‚¹
1255 1447 1447 1528 adeo
1477 1469 1582 1536 ut,
1620 1449 1823 1547 quod
1864 1467 2232 1535 remanet,

326 1543 650 1624 arseniei
679 1545 828 1619 albi
855 1545 1112 1621 induat
1142 1569 1502 1634 naturam,
1536 1547 2021 1646 similiterque
2078 1543 2232 1620 sese

326 1669 549 1756 gerat
603 1671 774 1727 cum
826 1646 1251 1741 menstruo,
1302 1673 1388 1726 ac
1435 1649 1574 1730 alia
1620 1650 1786 1728 calx
1841 1645 2232 1724 metallica.

482 1798 676 1878 IDEM
730 1799 933 1878 valet
983 1797 1080 1874 de
1144 1800 1339 1875 acido
1396 1803 1614 1892 nitri,
1677 1799 1888 1908 quod
1945 1820 2232 1878 -tatneu

220 1965 225 1968 .
326 1897 771 2010 phlogiston
817 1898 1343 1992 vehementius
1390 1901 1668 1984 evellit.
2292 1922 2303 1933 ⁸

486 2051 795 2134 Acmon
831 2050 999 2148 salis
1026 2052 1217 2131 nihil
1246 2052 1408 2134 fere
1440 2052 1640 2134 valet
1662 2052 2234 2170 giifiebulliensu

491 2204 806 2286 Acmon
852 2203 1183 2298 arftnici,
1298 2201 1450 2280 uod
1519 2231 1706 2284 mox
1773 2203 2236 2286 memorabi-

334 2329 505 2385 mus
556 2307 646 2405 (ᾗ.
699 2307 854 2404 V),
903 2302 1035 2381 sub
1083 2307 1258 2409 dige
1328 2312 1500 2383 ione
1552 2307 1898 2409 regulum
1957 2309 2032 2380 in
2098 2303 2237 2379 cal·

334 2430 507 2485 cem
567 2407 808 2487 albam
842 2430 1313 2521 ‘commutass
1361 2406 1443 2482 &
1499 2410 1740 2507 ipsum
1807 2404 2239 2519 phlogisto,

337 2506 547 2690 qgost}
605 2506 939 2624 abstulit,
992 2530 1231 2588 totum
1286 2510 1367 2588 iu
1426 2509 1650 2589 talem
1701 2508 1903 2599 abit,
1959 2505 2011 2584 s1
2050 2502 2238 2612 justa

336 2633 381 2691 a
442 2634 481 2691 e
593 2630 1017 2715 quantitate.

495 2760 693 2841 Huc
728 2759 875 2841 alia
904 2782 1275 2862 praetereo
1308 2760 1512 2835 acida
1535 2814 1559 2853 ,
1605 2785 1833 2861 quum
1871 2760 2238 2835 unionem

334 2858 739 2961 respuant,
826 2861 1179 2966 quamdiu
1266 2863 1612 2963 regulina
1666 2886 1917 2937 manet
1967 2860 2238 2935 forma.

338 2962 669 3047 Nullum
732 2986 1061 3061 namque
1114 2963 1539 3052 metallum,
1592 2961 1726 3037 nisi
1778 2962 1943 3062 plus
1992 2963 2240 3037 minus

337 3061 727 3171 phlogisto
772 3065 1151 3163 privatum
1180 3123 1200 3151 ,
1236 3063 1446 3141 acida
1497 3062 1746 3143 subire
1771 3059 2036 3162 potest.
2091 3062 2239 3137 lm·

338 3164 867 3267 pedimentum
946 3162 1299 3243 facillime
1394 3185 1742 3249 removet
1831 3160 2243 3255 nitrosum,

338 3269 739 3367 aegerrime
790 3267 1215 3364 marinum,
1270 3271 1551 3369 quippe
1593 3264 1796 3363 quod
1862 3262 2282 3373 phlogisto*

342 3366 599 3465 ipsum.
641 3364 891 3447 scatet.
1000 3368 1083 3439 In
1143 3366 1402 3446 nostro
1431 3371 1675 3466 itaque
1714 3366 1880 3443 casu
1931 3392 2100 3439 curn
2130 3386 2246 3439 re·

342 3468 529 3569 gulo
578 3468 839 3547 eadem
894 3466 1277 3569 prodeunt
1333 3469 1744 3562 connubia,
1799 3492 1882 3541 ac
1925 3492 2094 3539 curn
2133 3488 2246 3537 ar-

292 3582 305 3594 '
345 3568 605 3645 fenico
663 3568 830 3648 albo
855 3609 877 3661 ,
930 3593 1119 3667 quae¹
1156 3566 1672 3649 describuntur
1717 3572 1789 3640 in
1830 3567 1889 3667 §.
1941 3566 2135 3655 VII,
2168 3562 2242 3648 C,

494 3743 650 3839 ,μη
734 3760 1038 3817 notetur
1104 3764 1454 3842 oportet,
1519 3740 1926 3825 solutiones
2003 3734 2250 3835 regnu

536 3866 547 3879 ι
1224 3896 1231 3899 .
2118 3860 2247 3918 na-
