2760 4749
582 305 709 403 De
734 315 961 407 'calce
998 318 1191 439 amsi
1222 312 1767 430 fulminante.
1937 340 2140 442 147

231 518 433 609 fieco
458 580 481 625 ,
532 550 615 605 ut
650 528 857 628 ajunt
878 582 902 623 ‚
952 530 1151 632 pede
1175 528 1344 634 jure
1375 518 1938 635 praetereundas
1973 560 2142 618 cre.

232 630 527 725 dimus,
580 632 901 732 reliquas
956 656 1147 709 vero
1196 634 1277 711 in
1325 656 1645 734 quatuor
1695 636 2024 717 destribu
2101 660 2142 719 s

230 732 668 834 phalanges·
702 732 1042 811 breviter
1086 734 1724 835 perlustrabimuS.
1832 740 2014 815 Scili
2105 762 2140 819 t:

230 832 754 911 existimarunt
789 834 1109 912 Naturae
1156 833 1602 917 scrutatores
1639 840 1922 917 mirum
1949 835 2141 925 hoc-

230 958 320 1012 ce
368 929 945 1037 phaenvemenon
1002 934 1587 1017 adscribendum
1623 936 1804 1032 effe,
1858 940 1986 1019 vel
2027 946 2149 1040 [aa

228 1036 377 1114 lino
398 1081 421 1128 ,
474 1033 601 1111 vel
643 1031 997 1137 fielphureo
1024 1086 1047 1130 ‚
1106 1036 1228 1115 vel
1296 1045 1494 1118 aereo
1557 1042 1943 1146 principio,
2010 1039 2138 1122 vel

230 1130 563 1235 denique
614 1131 855 1213 horum
910 1134 1233 1238 pluribus·
1294 1138 1785 1245 conjunfflm.
1911 1144 2140 1221 Non·

229 1237 422 1314 nulli
470 1256 728 1315 tamen
775 1259 1042 1315 omnes
1092 1232 1452 1317 hastenus
1522 1240 1946 1341 propofitas
2003 1266 2136 1321 ex·
2207 1309 2216 1317 .

228 1338 682 1443 plicationes
727 1335 1257 1421 insufficientes
1302 1340 1472 1441 jure
1523 1342 2128 1425 declaraverunt.

1031 1534 1095 1642 §·
1158 1534 1299 1619 vt.

224 1688 659 1811 Sententiae
717 1686 823 1781 de
888 1692 1119 1783 causa
1203 1686 1796 1821 fulminationis·
1865 1690 2132 1787 salina.

373 1855 535 1959 Qn
590 1851 826 1935 salino
876 1848 1484 1936 fulminationem
1533 1834 1918 1954 tribuu'nt,
1966 1830 2132 1941 non
2237 1952 2248 1963 ⁶

222 1974 483 2039 tamen
532 1956 629 2036 de
680 1980 968 2064 genere
1021 1978 1289 2037 omnes
1344 1964 1842 2040 conveniunt.
2269 2003 2272 2015 ·

378 2106 509 2213 A)
575 2104 1029 2190 Noenum-1·
1087 2105 1335 2197 Alkali
1395 2104 1778 2217 vegetabile
1809 2108 2128 2217 fitlitum,
2223 2094 2232 2101 ’

222 2206 397 2291 salis
468 2211 823 2317 digestivi
888 2212 1203 2291 nornine
1282 2234 1590 2308 notum,
1657 2212 1874 2291 solari
1939 2216 2133 2292 calci

220 2315 745 2394 adhaerentem
813 2312 895 2392 &
941 2315 1025 2390 in
1078 2314 1325 2414 calore
1377 2312 2008 2416 decrepitantern‚
2039 2336 2136 2392 u-

218 2416 283 2496 ti
334 2413 629 2494 causam
692 2414 1156 2519 respiciunt,
1237 2408 1368 2492 sed
1429 2413 1513 2490 hi
1573 2437 1736 2491 non
1797 2415 2130 2492 confide·

220 2537 439 2616 rant,
490 2515 719 2594 salem
766 2519 1251 2596 nominatum
1302 2535 1446 2598 nec
1494 2513 1781 2608 adeffe,
1843 2536 1984 2594 nec
2012 2539 2130 2594 re·

220 2614 635 2723 generari,
702 2615 760 2695 fi
806 2637 1070 2694 aurum
1128 2617 1478 2702 in,acido
1557 2613 1899 2711 nitr0s0,
1975 2613 2178 2694 sale·

223 2721 709 2798 ammoniaco
746 2719 1187 2822 gravidato,
1245 2718 1372 2795 vel
1419 2715 1502 2795 in
1552 2715 1857 2794 miscela
1926 2717 2129 2794 acidi

222 2819 607 2898 muriatici
659 2820 742 2898 δι
792 2819 1055 2896 nitrofi
1113 2815 1490 2912 solutum,
1541 2818 1764 2896 alkali
1827 2817 2129 2896 volatili

220 2919 766 3026 praecipitetur.
866 2918 963 2996 Et
1005 2939 1411 3022 praeterea,
1459 2915 1515 2994 fi
1565 2918 1941 3020 posterior
1993 2917 2124 2995 ha·
2221 2955 2252 2974 κ

222 3045 400 3100 rum
472 3021 933 3100 solutionum
986 3018 1382 3121 dejiciatur
1429 3019 1651 3098 alkali
1713 3019 1920 3116 fixe,
1965 3019 2128 3097 nul·

219 3123 379 3202 lum
444 3124 826 3200 obtinetur
879 3119 1384 3214 sedimentum
1457 3115 1898 3215 suminam,
1949 3121 2124 3202 licet

218 3221 393 3302 heic
451 3222 550 3301 sal
612 3221 1021 3330 digestivus
1067 3245 1228 3302 non
1280 3218 1762 3302 defideretur.

368 3373 475 3480 B)
567 3376 738 3454 Am
790 3368 889 3453 ad
947 3375 1218 3454 nitrum
1264 3367 1581 3479 vulgare·
1622 3367 2122 3478 confugiunt,

220 3479 435 3578 quod
488 3503 663 3556 cum
716 3475 1106 3581 phlogisto
1159 3474 1527 3554 denotare
1572 3476 1968 3580 cognitum
1997 3475 2121 3555 est.

220 3577 534 3658 Eaedem
587 3603 779 3657 vero
833 3597 1243 3656 occurrunt
1292 3575 1793 3671 difficultates,
1847 3600 1989 3654 nec
2046 3600 2121 3652 e·
2194 3677 2202 3686 .

222 3684 383 3760 nim
440 3679 743 3784 semper
785 3677 1025 3776 adest,
1088 3677 1274 3864 {lim}
1332 3702 1596 3760 aurum
1647 3695 2123 3851 praeparaffit:
