2760 4749
644 337 804 428 152
1008 303 1135 394 De
1178 303 1391 392 calce
1435 285 2177 411 aurifulminante.

634 517 791 599 fine
840 513 1090 600 calore
1144 519 1225 597 &
1286 536 1612 618 promte.
1731 515 2006 618 Talem
2091 510 2546 594 solutionem

636 618 863 698 alkali
922 622 1205 700 volatili
1258 618 1614 714 caustico,
1657 619 1766 698 uti
1811 637 2069 709 antea,
2129 616 2555 696 deturbavi-

634 746 807 798 mus
840 778 862 811 ‚
942 720 1598 819 sedimentumque
1683 717 2017 794 ablutum
2117 716 2200 794 &
2267 716 2547 794 ficcum

638 845 861 904 more
901 820 1275 1000 1{onsueto
1331 819 1633 902 fortiter
1716 817 2110 898 fulminare
2191 843 2554 920 comper·

632 937 805 1002 tum
856 946 897 998 e
962 984 979 1004 .
1185 946 1194 953 ·
1950 948 1956 959 ’

1483 1137 1486 1140 .
1527 1127 1546 1147 .
1593 1072 1686 1150 X.

638 1181 642 1217 ³
710 1175 808 1268 N
809 1179 1061 1266 itrum
1138 1077 1609 1374 flammati?fi
1620 1172 2271 1308 fulminationem
2319 1201 2497 1261 non

1056 1327 1059 1330 ’
1475 1317 1522 1378 e
1617 1314 1745 1378 cit.

542 1529 545 1532 ,
626 1463 635 1472 ’
798 1451 929 1529 UT
984 1454 1141 1549 rite¹
1206 1449 1754 1560 cognoscamus
1811 1450 2030 1553 hujus
2081 1452 2264 1528 nitri
2331 1449 2556 1526 deto-

644 1553 881 1628 nandi
936 1550 1410 1646 facultatem,
1464 1555 1544 1628 in
1597 1557 1883 1632 vitrum
1941 1551 2311 1654 frigidum
2377 1576 2561 1654 pot·

641 1655 758 1732 tio
808 1655 1288 1745 demittatur,
1360 1676 1714 1764 augeatur
1783 1653 1959 1732 dein
2014 1675 2237 1752 quam
2318 1649 2562 1727 ocissi-

640 1777 771 1829 me
821 1755 1071 1848 calor,
1141 1756 1341 1831 nulla
1399 1777 1650 1852 tamen
1731 1756 2016 1830 orietur
2103 1753 2559 1842 detonatio,

642 1827 781 1937 fed
837 1854 934 1931 sal
986 1859 1064 1930 in
1132 1879 1460 1955 vapores
1539 1855 1902 1935 resolutus
1975 1855 2324 1958 abigitur.
2447 1855 2562 1930 Sit

646 1956 935 2032 vitrum
991 1955 1315 2036 caiidum
1361 1956 1440 2032 &
1497 1951 1591 2030 sal
1659 1955 2060 2055 liquescet,
2131 1979 2289 2031 non
2361 1977 2561 2030 vero

646 2054 1081 2146 denotabit,
1128 2055 1181 2134 fi
1233 2077 1426 2134 veto
1475 2057 1554 2130 in
1602 2058 1929 2160 ignitum
1983 2055 2300 2146 incidit,
2368 2078 2564 2129 mox

634 2154 1088 2234 ,accenditur
1132 2155 1212 2232 ὅτ.
1252 2153 1590 2254 strepens
1627 2183 1800 2233 curn
1849 2157 2156 2234 flamma
2207 2156 2404 2231 lutea
2437 2154 2566 2230 de·

644 2255 944 2357 flagrat.
1052 2253 1207 2336 Hic
1260 2259 1494 2360 igitur
1547 2257 1645 2334 sal
1694 2257 1958 2336 frustra
2025 2255 2254 2334 instar
2323 2254 2568 2334 causae

644 2354 1204 2437 fulminationis
1245 2356 1586 2438 habetur.
1695 2364 2058 2441 Praeterea

811 2510 926 2609 A)
976 2511 1223 2589 Soleus
1252 2509 1464 2601 huius
1515 2489 2026 2589 detonationis
2083 2533 2568 2609 nequaquam

649 2610 1165 2692 fulminationi
1230 2613 1684 2711 respondet,
1763 2636 2136 2712 ponamus
2217 2635 2405 2687 vero
2485 2610 2571 2686 il·

568 2790 573 2795 .
649 2710 808 2791 lum
841 2716 1101 2812 augeri
1136 2712 1480 2811 pondere
1512 2713 2044 2811 particularum
2076 2714 2236 2787 auri
2280 2715 2576 2789 incum-

649 2809 1027 2905 beatium,
1080 2814 1287 2909 quod
1342 2817 1824 2915 eruptionem
1891 2812 2214 2915 impedit
2251 2869 2274 2905 ‚
2325 2836 2574 2911 usque

651 2906 839 2987 dum
890 2912 1358 3011 explodendi
1405 2916 1792 3016 pronitas,
1859 2916 2102 3016 magis
2164 2916 2572 3017 magisque

652 3008 1103 3106 increscens,
1164 3014 1472 3093 tandem
1527 3013 1909 3093 obstaculo
1960 3013 2446 3093 removendo
2486 3013 2578 3090 fit

650 3136 817 3214 par.
926 3112 1095 3187 Sola
1146 3138 1337 3191 vcro
1385 3114 1807 3195 detonatio·
1828 3116 2063 3194 libera
2114 3116 2433 3214 requirit
2507 3116 2576 3189 i-

654 3212 1128 3333 gnitionem,
1190 3212 1578 3317 impeditae
1637 3218 1886 3317 itaque
1957 3212 2206 3293 adhuc
2293 3214 2576 3313 majori

648 3314 859 3415 agnis
910 3311 1149 3419 gradu
1201 3338 1393 3415 opus
1447 3313 1572 3397 est.
1679 3317 1826 3399 Sed
1877 3342 2148 3417 ‘aurum
2208 3314 2578 3393 fulmina·

654 3432 912 3496 turum
964 3413 1195 3517 longe
1254 3416 1540 3493 minori
1587 3438 1762 3521 eget
1811 3416 2002 3501 aestu.
2123 3416 2227 3497 Er
2287 3443 2337 3494 o
2395 3417 2578 3497 heic

490 3620 494 3629 ¹
614 3519 618 3523 ’
658 3514 839 3609 alia,
892 3537 1119 3619 quam
1164 3514 1596 3615 detonatio,
1651 3540 2011 3623 operatur
2058 3544 2191 3599 cau
2231 3542 2290 3603 a.

819 3662 933 3773 B)
981 3667 1185 3757 Aua!
1238 3672 1790 3780 praecipitatum
1851 3695 2020 3757 non
2102 3668 2524 3755 fulminans
2555 3724 2582 3766 ‚

2402 3796 2586 3855 cum
