2760 4749
459 342 582 441 De
648 288 1176 463 Praecipitat&
1237 298 1769 445 Metallicis..
1909 372 2085 474 38ςι

1014 562 1079 663 §.
1139 565 1235 641 v.

274 706 1144 907 Praecipitatorulm
1205 710 1940 801 metallicorum

911 850 1024 907 co
1083 849 1328 913 ores,

331 980 563 1063 Parus
608 1005 833 1082 quam
869 979 1020 1085 ipfiz
1066 984 1513 1065 exhibemus
1558 986 1903 1089 pondera
1930 988 2067 1067 fin·

174 1084 531 1187 gulos-uin
636 1082 1114 1160 metallorum
1196 1086 1443 1163 obiter
1536 1087 2069 1191 pet-lustremus

173 1183 827 1287 praecipitationes,
959 1184 1214 1261 Alkali
1279 1189 1641 1263 minerale
1722 1189 2071 1289 adhibui,

173 1312 406 1385 quum
460 1285 610 1361 hoc
655 1282 936 1361 facilius
985 1284 1118 1359 fibi
1176 1284 1410 1364 fimile
1476 1290 1901 1369 obtineatur
1952 1302 2070 1368 ae-

175 1409 446 1465 tatum.
545 1382 751 1461 Dum
799 1383 1120 1461 caustico
1174 1411 1365 1489 opus
1405 1410 1564 1465 erat
1603 1390 1818 1484 illud,
1870 1391 2072 1469 solu-

173 1490 370 1563 tioni
455 1484 703 1562 addita
781 1486 982 1563 calce
1048 1486 1246 1577 usta,
1309 1492 1577 1589 paravi
1644 1492 1726 1567 in
1796 1492 2081 1593 lagena-

177 1584 453 1689 ciausa:
511 1586 802 1663 bonum
859 1608 952 1662 eo
1013 1585 1374 1679 distinxi,
1426 1590 1635 1689 quod
1689 1616 1877 1690 aqua
1923 1594 2070 1669 cal-

178 1690 284 1764 cis
339 1686 682 1763 instillata
735 1687 1522 1785 minimeturbatetur.
1560 1690 1815 1767 Alkali
1849 1692 2071 1793 phlo-

177 1784 598 1893 gisticatum
630 1790 1052 1889 praeparavi
1083 1790 1321 1865 modo
1355 1789 1531 1866 alibi
1563 1790 1945 1896 descripto
1976 1798 2063 1895 v).

324 1939 450 2040 A)
507 1940 790 2015 Annum
871 1963 1062 2037 aqua
1134 1942 1338 2043 regis
1444 1938 1765 2021 solutum
1846 1942 2068 2020 alkala·

177 2039 503 2118 minerali
548 2039 832 2131 caustico
907 2040 1254 2138 dejicitur
1319 2040 1483 2118 fere
1536 2045 1836 2147 nigrum
1863 2098 1885 2137 ‚
1945 2056 2067 2119 a?-

175 2158 334 2218 rato
387 2141 674 2220 flavens
701 2196 728 2233 ,
773 2147 1102 2242 itemque
1143 2138 1623 2242 phlogisticato
1645 2196 1671 2237 ‚
1713 2144 1848 2221 nifi
1896 2145 2067 2221 infit

175 2242 829 2342 inquinamentum
883 2241 1219 2319 ferreum
1240 2298 1263 2337 ‚
1301 2242 1509 2341 quod
1544 2240 1733 2346 saepe
1770 2246 2065 2330 accidit.

175 2347 430 2422 omne
475 2366 740 2423 aurum
791 2365 995 2448 aegre
1027 2343 1346 2440 decidit,
1410 2342 1734 2444 ideoque
1777 2344 2067 2451 ponde·

173 2469 256 2522 ra
309 2444 502 2524 mihi
560 2442 726 2521 sunt
788 2447 1098 2522 incerta.

231 2637 244 2646 ·
276 2597 372 2696 B)
389 2597 745 2676 PLAuNAE
771 2592 1028 2674 solutae
1059 2620 1197 2675 nec
1228 2595 1448 2677 alkali
1480 2599 1807 2695 minerahfl
1824 2598 2065 2689 causti·

171 2724 274 2792 co,
311 2721 452 2775 nec
475 2697 713 2773 e'zk'rato
739 2695 1138 2776 dimidium
1175 2693 1617 2788 deturbatur
1639 2757 1660 2794 ,
1690 2701 1917 2802 idque
1943 2725 2072 2779 au‘

175 2802 550 2891 rantium,
599 2800 732 2898 qui
786 2797 1040 2876 tamen
1117 2801 1331 2878 color
1389 2801 1521 2878 sub
1574 2801 2069 2879 exfiecatione

171 2897 537 2976 fuscescit.
594 2898 948 2976 Nimium
1002 2899 1304 2976 alkalini
1357 2899 1583 2980 solvit
1629 2899 2069 2981 obscuriore

171 3000 451 3093 tinau,
479 2999 720 3076 immo
761 2999 988 3076 alkali
1018 3001 1239 3079 acido
1268 2999 1599 3080 satiatum
1626 3001 1922 3081 solvere
1952 3004 2068 3080 vi·

169 3101 433 3190 detur,
470 3123 702 3199 quum
729 3099 920 3177 adeo
953 3100 1394 3202 imperfecta
1425 3103 1511 3180 fit
1541 3106 2066 3206 praecipitatio.

169 3199 793 3306 Phlogisticatum
837 3200 1279 3304 deputatam
1313 3229 1471 3281 non
1504 3206 1953 3306 praecipitat,
1982 3203 2069 3284 &

169 3326 280 3383 ne
329 3301 642 3408 quidem
695 3300 1148 3382 solutionem
1176 3305 1470 3394 turbat,
1524 3305 1653 3384 sed
1700 3306 2068 3398 colorem,

167 3402 692 3482 nti-aiminus
741 3402 1115 3502 exceffus,
1165 3407 1514 3485 intendit.
1650 3413 1657 3422 '

243 3537 250 3548 ’
323 3555 430 3655 C)
478 3553 922 3634 Aaoan‘rum
975 3553 1194 3636 acido
1248 3558 1430 3637 nitri
1482 3555 1805 3640 solutum
1848 3551 2069 3637 alkalu‘

245 3673 495 3791 ‘Bergan
517 3675 719 3762 Opust.
742 3676 866 3744 Vol.
890 3677 977 3740 Η.
1113 3659 1172 3733 Β
1207 3655 1260 3734 b
1938 3657 2067 3741 mi-

257 3845 322 3922 t)
369 3841 692 3912 Decimii·
731 3843 1080 3912 minuatum
1123 3840 1360 3908 humida
1400 3842 1454 3922 §.
1495 3843 1577 3910 n.
