2760 4749
75 2 96 499 ff

69 502 78 769 t

672 368 799 459 De
857 370 1122 482 lapide
1174 370 1705 486 hydropbano.
2029 350 2146 486 '525

264 582 491 669 lucet,
543 579 975 682 posterioris
1030 601 1277 657 autem
1331 602 1496 660 tota’
1542 605 1813 682 quanta
1869 583 2149 661 fervidi

265 684 551 785 ingenii
604 680 790 757 lusui
846 682 951 757 est
1010 681 1523 764 adscribenda.
1595 684 1730 758 Dr.
1783 676 1978 759 Httt.
2010 710 2145 779 nc>

264 808 389 873 νο,
448 783 581 858 sed
643 805 823 882 apto
873 784 1221 873 nomine,
1282 781 1788 883 Hydropbanos
1831 787 2148 887 appellat

258 906 580 985 opaCOS,
634 886 763 981 qui
816 884 895 957 in
953 907 1139 981 aqua
1179 882 1591 959 clarescunt
1641 885 1727 983 c).

403 1034 571 1133 Qu
619 1030 857 1133 ipsam
927 1038 1424 1129 mutationem
1489 1034 1748 1137 paullo
1791 1038 2144 1115 attentius

252 1134 694 1225 confiderat,
780 1135 1117 1209 miraculi
1171 1158 1432 1212 veram
1519 1135 1858 1231 indolem
1927 1135 2141 1215 facile

248 1234 677 1339 indagabit,
728 1234 1331 1335 perluciditatem
1383 1236 1475 1309 ab
1529 1236 1809 1320 ambitu
1865 1238 1960 1313 ad
2007 1264 2139 1313 nu-

248 1337 487 1413 cleum
540 1336 951 1437 progredi,
1006 1332 1363 1432 fimulque
1421 1334 1730 1414 bullulas
1779 1348 2021 1413 a'ereas
2057 1341 2136 1429 in

244 1434 639 1538 superficie
694 1436 1047 1511 continue
1093 1438 1280 1533 oriri
1328 1436 1413 1512 &
1481 1460 1872 1540 emergere
1942 1438 2136 1539 saepe

241 1538 663 1613 luculenter
715 1532 1150 1611 observans.
1222 1536 1597 1613 Nonnulli
1643 1538 1950 1635 quidem
1998 1542 2137 1615 cla-

240 1642 548 1716 ritatem
602 1636 685 1709 in
739 1630 1086 1731 medullis
1160 1635 1329 1711 ince
1391 1658 1538 1713 tam
1605 1640 1698 1711 ad
1755 1641 2136 1713 exteriora

238 1758 567 1841 pergere
658 1730 1141 1824 adseverant,
1226 1734 1301 1811 se
1408 1735 1588 1811 dum
1657 1740 1756 1811 ita
1823 1740 2132 1829 evenit,

238 1839 511 1917 rimula
564 1837 853 1911 occulta
934 1860 1197 1933 aquam
1248 1837 1338 1931 ad
1409 1839 1808 1913 interiores
1885 1858 2134 1937 partes

236 1936 579 2043 primum
634 1936 865 2011 vehat
935 1956 1257 2035 oportet.
1300 2014 1312 2023 ,
1362 1936 1706 2039 OmneS,
1811 1959 2132 2037 uotquot

236 2038 580 2143 poffideo
626 2036 733 2134 g&
818 2035 979 2112 vidi
1068 2033 1390 2136 Lapides
1477 1965 1880 2115 mutabffltbs‘
1910 2098 1932 2132 ,
2017 2043 2131 2115 rei

237 2164 523 2216 naturae
610 2140 1131 2239 congruenter
1215 2137 1471 2236 primo
1543 2141 1864 2217 exterius
1943 2140 2150 2217 fiunt·

236 2238 562 2341 limpidi.
1571 2240 1580 2251 ‘

384 2393 899 2470 Pnaenomm
948 2386 1388 2466 nebularum
1451 2386 1729 2464 docent
1801 2385 2127 2488 parti-etia

232 2493 335 2570 las
392 2489 790 2582 humidaS,
843 2515 1017 2568 cum
1066 2491 1303 2564 aereis
1354 2485 1578 2564 dense
1633 2491 2130 2581 commixtae,

230 2595 415 2670 lucis
482 2587 867 2668 transitum
935 2585 1309 2690 impedire
1385 2587 1464 2664 ὅτ.
1517 2587 1682 2688 pius
1753 2591 1998 2665 minus
2045 2614 2127 2665 o-

228 2719 503 2798 pacam
550 2695 894 2794 praebere
956 2687 1297 2781 massam,
1344 2691 1686 2787 quamvis
1745 2690 2125 2790 utriusque

228 2796 569 2874 materiae
620 2794 855 2868 atomi
906 2787 1278 2892 segregati
1380 2791 1780 2866 erluceant.
1889 2791 1974 2866 In
2007 2790 2125 2866 di-

228 2895 451 2974 versa
495 2889 971 2995 refringendi
1022 2892 1105 2964 vi
1156 2889 1287 2964 fun
1350 2903 1730 2969 amentum
1779 2891 1880 2966 est
1930 2915 2123 2991 quae·

224 2998 611 3090 rendum,-
655 2993 1031 3068 mediante
1084 2992 1298 3066 enim·
1380 2987 1520 3066 hac
1581 2990 1771 3066 radii
1818 2994 1895 3066 in
1951 3015 2124 3092 qua·

226 3102 343 3174 vis
400 3094 771 3170 molecula
820 3081 910 3167 ab
968 3093 1269 3190 incepta
1334 3093 1460 3166 via
1523 3089 2067 3189 detorquentur
2100 3143 2126 3182 ,

222 3197 439 3298 quod
516 3193 962 3296 perlucidati
1034 3192 1348 3292 minime
1424 3193 1809 3267 convenit.
1940 3193 2118 3270 vul-

222 3319 411 3400 gare
481 3295 1089 3396 experimentum
1159 3289 1402 3366 adhuc
1472 3294 1788 3391 propius
1873 3291 2119 3369 thesin

220 3395 558 3474 illustrat.
630 3396 933 3468 Vitrum
988 3413 1261 3491 nempe
1320 3389 1797 3467 clariffit‘num‘·
1851 3394 1930 3467 in
1961 3395 2116 3492 pul·

222 3521 499 3576 vetem
546 3491 941 3572 redafiium‘
1006 3494 1460 3590 opacitatem
1516 3491 1802 3584 induit,
1874 3515 2113 3594 quum

220 3609 353 3676 aer
404 3594 795 3674 interstitia
838 3591 1369 3695 particularum
1404 3592 1555 3693 jam
1596 3593 1909 3694 explens
1954 3593 2122 3670 lona

1120 3693 1227 3770 D·
1254 3717 1307 3790 4
2007 3715 2116 3796 ge

314 3852 381 3934 e)
428 3847 671 3932 fflstory
705 3845 782 3912 of
803 3847 1026 3915 Foffitu.
