2760 4749
666 346 834 435 4¹4
892 307 1012 409 De
1037 321 1551 411 minet-arum
1586 313 2043 424 Docimalz‘a
2084 313 2473 413 humida.

665 560 826 615 non
875 533 1012 613 nisi
1061 530 1144 611 in
1208 530 1567 609 America
1650 532 1979 608 occurrit
2006 584 2031 627 ,
2116 531 2583 639 semperque

623 638 1034 721 -nativum.
1138 634 1475 713 Unicum
1500 685 1525 725 ,
1578 652 1731 731 quo
1780 656 2197 733 numquam
2254 662 2432 714 non
2475 643 2581 715 in-

665 741 1020 839 quinatur
1039 790 1062 831 ,
1121 734 1509 812 metallum
1558 730 1663 808 est
1732 730 2067 827 ferrum,
2188 738 2359 813 uod
2440 734 2578 839 qu'a

666 842 1080 919 maximam
1132 856 1429 939 partem
1470 834 1769 912 extrahi
1828 834 2074 938 potest
2114 862 2170 937 p
2203 840 2418 916 uries
2452 865 2579 916 co-

612 964 627 968 “
666 938 980 1041 quendo
1031 941 1114 1016 in
1163 933 1378 1013 acido
1434 936 1835 1013 muriatico
1919 936 2220 1013 Platinae
2402 965 2576 1029 ana,
2627 1004 2628 1025 ,

669 1041 921 1141 quoad
980 1040 1140 1139 ejus
1183 1038 1354 1115 fieri
1406 1032 1649 1139 potest
1668 1087 1693 1129 ‚
1743 1038 2215 1114 comminuta
2418 1063 2575 1118 atte-

664 1154 916 1219 nuata.
1016 1140 1188 1217 Hac
1231 1139 1359 1215 via
1406 1139 1743 1239 primum
1789 1138 2090 1240 pondus
2120 1138 2577 1243 plerumque

667 1248 1002 1343 quinque
1056 1241 1359 1317 circiter
1406 1237 1825 1316 centesimis
1870 1240 2267 1317 minuitur.

831 1396 1178 1473 Pin-m
1227 1395 1330 1469 ita
1375 1391 1741 1501 depurata
1790 1390 1875 1469 δῦ
1930 1416 2116 1493 aqua
2183 1415 2275 1469 re
2343 1393 2409 1471 is
2472 1393 2573 1471 so·

668 1498 869 1589 luta,
919 1494 1138 1571 facile
1170 1517 1324 1595 ope
1368 1495 1655 1570 vitrioli
1702 1492 1888 1571 ferri
1911 1493 2225 1594 prodit,
2298 1520 2330 1570 1
2374 1494 2571 1594 quid-

671 1622 900 1699 quam
956 1594 1143 1671 inest
1193 1595 1378 1671 auri.
1481 1592 1864 1687 viciffim,
1912 1594 1967 1671 fi
2016 1596 2175 1671 auri
2231 1600 2571 1694 portiun-

673 1700 837 1775 cula
886 1698 1195 1775 Platinae
1229 1696 1546 1772 inhaeret
1570 1752 1595 1788 ‚
1640 1696 1805 1771 haec
1835 1695 2177 1793 quolibet
2212 1696 2375 1776 sale
2410 1722 2571 1774 neu·
2627 1740 2628 1787 ;

670 1800 836 1877 trali
859 1851 881 1891 ,
930 1797 1145 1878 alkali
1197 1796 1621 1902 vegetabile
1673 1796 1795 1871 vel
1832 1796 2139 1873 volatile
2178 1798 2569 1877 continen·
2627 1804 2628 1835 ³

670 1921 786 1995 te,
839 1923 983 1999 qua
1036 1920 1393 2001 magnam
1442 1918 1733 1999 partem
1782 1920 2119 2000 praeceps
2164 1902 2356 1979 ruit.

1047 2199 1468 2291 Minerae
1500 2103 2227 2322 §Aissentifera

823 2367 1142 2444 Pium-En
1207 2364 1538 2446 formam
1606 2367 2061 2469 completam
2129 2379 2568 2478 Argentum
2627 2417 2628 2424 κ

670 2473 922 2548 varias
992 2471 1075 2544 in
1140 2465 1301 2545 finu
1373 2491 1601 2547 terrae
1658 2470 1905 2548 induit
1982 2470 2261 2564 facies,
2302 2477 2573 2574 partim
2627 2523 2628 2528 =

646 2566 1022 2672 sulphure,
1074 2566 1319 2647 solum
1370 2572 1496 2648 vel
1544 2574 1700 2648 aliis
1768 2567 2133 2651 sociatum
2210 2573 2571 2668 metallis,

658 2676 934 2774 partim
963 2671 1192 2746 acidis
1227 2671 1798 2770 mineraleyatum.

824 2801 950 2898 A)
997 2799 1442 2878 Ansam-um
1485 2805 1805 2876 nativum
1850 2823 2035 2877 auro
2086 2799 2222 2878 vel
2284 2827 2568 2904 cupro,

672 2900 800 2976 vel
842 2909 1160 3002 utroque
1211 2899 1426 2980 ‘fimul
1448 2955 1472 2996 ,
1518 2901 2019 3000 contaminari
2069 2900 2289 2980 solet.
2412 2905 2569 2981 Aci·

673 2997 779 3078 do
832 3005 1010 3079 nitri
1059 3029 1141 3079 ar
1201 3025 1464 3081 entum
1492 3025 1965 3104 cuprumque
2007 3001 2455 3104 suscipitur,
2503 3005 2573 3082 ἀ

631 3101 728 3184 „fi
774 3103 955 3204 quid
1004 3105 1128 3180 ine
1239 3108 1444 3202 auri,
1500 3105 1649 3180 hoc
1698 3105 1781 3180 in
1832 3102 2076 3184 fundo
2128 3104 2371 3182 instar
2416 3105 2575 3209 pul·

673 3205 879 3282 veris
927 3206 1133 3308 nigri
1212 3227 1654 3308 comparet,
1724 3203 1972 3305 quod,
2054 3202 2107 3281 fi
2167 3207 2469 3307 placet,
2510 3231 2571 3282 a·
2627 3217 2628 3228 ‘

672 3329 822 3404 qua
867 3309 1072 3407 regis
1127 3303 1452 3394 solutum
1498 3306 1589 3386 &e
1641 3307 1952 3393 vitriolo
2032 3309 2301 3384 martis
2390 3335 2575 3412 prae·

675 3408 1067 3511 cipitatum
1121 3407 1363 3512 magis
1412 3407 1861 3486 metallicam
1901 3405 2235 3508 adquirit
2274 3407 2573 3488 faciem.
2627 3495 2628 3498 Ν

793 3505 1032 3599 „Hac
1071 3503 1543 3614 separatione
1590 3505 1783 3588 facia
1831 3533 1923 3585 cu
1981 3534 2153 3586 rum
2204 3513 2292 3588 in
2356 3513 2575 3612 liqui-
2627 3525 2628 3528 ’

675 3607 781 3688 do
833 3631 1238 3687 remanens
1303 3607 1514 3691 ferro
1581 3613 1706 3690 vel
1754 3611 1876 3688 alk
1955 3613 1981 3688 i
2043 3621 2305 3690 aerato
2357 3611 2573 3692 facile

681 3711 936 3816 colligi
981 3709 1266 3814 potest.v
2408 3815 2501 3894 N

2504 3837 2573 3890 u-
