2760 4749
359 324 483 427 De
515 304 1025 412 mim-rarum
1056 322 1513 433 Docimasta
1554 323 1915 416 humida.
1962 338 2134 442 '437

241 559 472 613 tatem
550 538 945 640 explorare
1019 540 1257 639 cupit,
1327 537 1483 613 hoc
1538 542 1941 642 negotium
2011 544 2189 619 via'

241 639 556 715 humida
610 641 808 715 nulla
872 638 1162 715 laborat
1224 636 1677 717 difficultate.
1805 642 2135 719 Acidutn

239 761 524 839 nempe
559 740 734 815 nitri
789 736 1128 814 adfusum
1181 743 1332 815 cito
1375 740 1547 815 huic
1584 740 1889 815 metallo
1918 742 2139 841 phlo-

235 838 486 939 giston
542 842 815 941 eripit,
870 838 1060 915 adeo
1098 863 1177 914 ut
1231 862 1481 915 totum!
1526 842 1605 915 in
1680 840 1960 917 calcem
2034 843 2133 917 al·

231 940 406 1013 bam
465 941 720 1029 abeat,
753 942 1339 1043 ‘remanentibus
1386 942 1462 1016 in
1516 940 1805 1041 liquido
1839 1000 1860 1035 ,
1924 940 2133 1017 ferro

233 1040 316 1117 &
369 1064 656 1141 cupr0,
709 1039 758 1118 fi
808 1066 1039 1115 unum
1092 1042 1506 1117 alterumve
1566 1040 1785 1116 adest.
1914 1045 2131 1117 Stan-

231 1144 310 1214 ni
375 1166 514 1217 100
567 1162 816 1241 partes
865 1140 1087 1217 acido
1137 1144 1318 1218 nitri
1373 1142 1745 1232 corrosae,
1799 1144 1973 1219 lotae
2046 1142 2129 1221 &

227 1239 603 1317 exficcatae
663 1266 802 1337 140
852 1240 1068 1319 calcis
1122 1244 1306 1317 albae
1353 1246 1783 1345 porrigunt.
1900 1242 2125 1320 Arse·

223 1345 529 1435 nicum,
590 1338 868 1419 calcer'n
931 1344 1234 1443 copiosa
1284 1344 1365 1419 δε
1416 1342 1707 1418 fervida
1760 1370 1945 1442 aqua
2022 1346 2127 1419 la-

226 1440 531 1534 vand0,
584 1442 876 1518 extrahi
947 1442 1231 1541 potest,
1303 1468 1566 1542 parum
1640 1448 1839 1517 enim
1913 1468 2129 1519 men-

221 1538 502 1618 struum
553 1544 848 1619 ac'idum
904 1542 1114 1618 subit.
1224 1545 1393 1617 Alia
1440 1546 1735 1617 metalla
1785 1544 2127 1618 stannum

223 1666 411 1718 vere
476 1646 818 1719 nativum
870 1645 1001 1720 vix
1057 1646 1471 1741 inquinant.

369 1791 466 1888 B)
525 1794 852 1869 M1NERA
914 1818 1099 1893 pura
1163 1793 1406 1895 vulgo
1466 1819 1613 1893 pro
1674 1796 1877 1868 varia
1950 1819 2123 1897 cry·-

221 1890 598 1971 stallorum
632 1894 1152 1997 magnitudine
1200 1892 1697 1995 Zinngraupen
1736 1896 1853 1969 vel
1890 1892 2124 1970 sz‘t-
2182 1910 2185 1913 ’

218 2008 334 2069 ter
386 2017 720 2070 vocatur.
831 1995 1018 2070 Haec
1062 1992 1534 2093 exploranda
1590 1996 1731 2071 viae
1786 1995 2119 2071 humida:

217 2118 540 2170 examen
594 2098 828 2173 crucis
873 2094 1020 2179 est,
1071 2121 1244 2181 nam
1306 2119 1446 2173 nec
1502 2096 1794 2171 acidum
1856 2098 2124 2172 v‘irrio·

213 2196 498 2286 licum,
550 2221 687 2270 nec
743 2195 1158 2290 nitrosum,
1215 2221 1352 2271 nec
1405 2220 1553 2271 mun
1576 2199 1916 2285 iaticum,
1981 2218 2121 2273 nec

214 2316 404 2396 aqua
460 2298 660 2400 regis
707 2295 904 2373 illam
951 2319 1304 2398 quantum
1349 2299 1515 2371 satis
1556 2296 2013 2398 adgreditur.
2110 2377 2141 2387 Μ

368 2447 621 2523 Rmo
671 2448 888 2546 hujus
925 2451 1357 2550 pertinaciae
1411 2451 1485 2523 in
1523 2473 1614 2523 eo
1656 2447 1874 2537 latet,
1912 2449 2117 2546 quod

213 2549 381 2624 calx
433 2549 676 2648 probe
731 2549 1350 2652 dephlogisticata
1404 2549 1623 2649 supra
1679 2552 2117 2624 memoratis

209 2647 785 2728 menstruis'vel
847 2655 1165 2724 omnino
1231 2649 1466 2735 nihil,
1526 2647 1647 2722 vel
1708 2673 1927 2748 parce
2000 2649 2115 2724 su·

211 2749 562 2850 scipiatur
595 2801 616 2839 ‚
676 2747 756 2826 &
809 2772 1169 2849 pra-:terea
1213 2747 1594 2849 particulis
1652 2747 1961 2848 lapideis
2010 2750 2117 2824 in·

207 2853 618 2940 volvatur,
698 2850 1143 2924 eorumdem
1247 2848 1635 2924 acidorum
1724 2850 1881 2924 vim
1965 2851 2114 2926 elu-

207 2952 588 3028 dentibus.
713 2951 1038 3046 Semita,
1123 2973 1286 3052 quae
1364 2947 1723 3051 haetenus
1793 2951 1885 3024 ad
1959 2974 2119 3028 me-

205 3074 405 3226 tams
425 3052 780 3226 pti-'oxime
835 3049 1112 3128 ducere
1157 3048 1317 3126 visa
1373 3047 1519 3144 est,
1569 3049 1907 3150 sequenti
1954 3074 2117 3128 ruo-⁹

207 3153 315 3227 do
394 3176 433 3226 e
545 3154 733 3229 abet.

363 3305 922 3382 Sum-tussmvs
975 3305 1288 3379 minerae
1356 3305 1651 3404 pulvis,
1729 3328 1885 3378 non
1953 3317 2119 3378 tan³

203 3428 371 3482 tum
423 3409 746 3482 terendo
802 3403 1242 3502 adquisitus,
1292 3402 1416 3480 sed
1496 3408 1717 3479 etiam
1791 3405 2120 3478 lavando

161 3501 166 3506 ’
211 3510 587 3606 separatus
617 3563 640 3597 ‚
692 3507 918 3581 acido
975 3506 1256 3582 vitrioli
1294 3525 1788 3580 concentrato
1839 3501 2119 3578 fiiffun-

211 3607 480 3696 datur,
565 3605 645 3682 δι
729 3605 1106 3682 intensiori
1177 3629 1600 3707 exponatur
1678 3603 2117 3704 digestionis

219 3705 430 3784 aestui
478 3731 619 3808 per
667 3706 916 3808 plures
964 3705 1213 3783 horas,
1319 3705 1520 3784 Dein
1574 3704 1960 3780 instilletur
2046 3725 2121 3776 a·

929 3913 936 3924 ⁸
1021 3807 1080 3882 E
1111 3831 1152 3884 e
1204 3831 1242 3906 3
1954 3790 2111 3876 cidi

959 4067 996 4104 0
