2760 4749
661 272 830 381 464
1079 258 1210 349 De
1271 256 1503 351 Tubo
1538 256 2259 377 ferruminaetorio.

829 474 1344 555 Pmootsnce.
1390 472 1749 577 pleraque
1790 474 2361 555 inflammantur
2386 535 2415 571 ,
2464 477 2581 557 fu·

653 599 868 657 mant
920 578 1002 657 ἃ,
1049 578 1416 655 carbones
1468 578 1930 681 porrigunt,
1972 576 2239 655 oleoso
2310 585 2583 683 gravi.

652 678 854 760 data.
973 680 1397 781 sulphurea
1460 678 1733 760 ardent
1814 680 1969 755 fine
2042 678 2387 775 relicino,
2446 682 2581 761 sed

651 778 1022 861 nonnulla
1108 780 1555 861 volatilitate
1620 798 1915 857 tantum
1968 781 2579 863 manifestentur.

813 935 1199 1011 Mrmm.
1251 930 1715 1025 funduntur,
1768 934 2111 1035 exceptis
2158 938 2469 1035 paucis,
2518 940 2577 1013 i-

647 1036 996 1143 gnobilia
1044 1036 1511 1115 calcinantut
1566 1032 1649 1113 &
1700 1030 1945 1111 fluxus
2001 1036 2337 1141 tingunt.

959 1288 1331 1379 Salium
1390 1184 1799 1377 di§x}e¹rxs'a·
1832 1255 2242 1405 genera..

797 1455 1024 1535 sauss
1071 1474 1228 1531 tam
1279 1472 1547 1531 natura
1572 1506 1595 1547 ,
1658 1476 1881 1553 quam
1928 1475 2095 1533 arte
2165 1458 2383 1533 enixi
2456 1480 2569 1536 tu·

645 1555 754 1635 bo
815 1556 1360 1634 ferruminario
1412 1552 1827 1632 admodum
1875 1551 2093 1633 facile
2144 1559 2571 1659 exploran-

637 1676 785 1743 tur.
825 1656 1525 1758 Horumznonnulli
1561 1680 1709 1759 pro
1769 1658 1879 1733 rie
1920 1658 2023 1732 ita
2051 1657 2397 1756 audiunt,
2430 1665 2567 1761 qui

637 1763 787 1843 toti
846 1762 1106 1861 quanti
1162 1759 1475 1837 materie
1527 1782 1673 1835 con
1742 1777 1871 1834 ant
1902 1755 2253 1855 solubili,
2298 1765 2565 1861 quales

637 1860 814 1940 sunt
871 1861 1127 1954 acidi,
1185 1858 1488 1936 alkalini
1546 1859 1629 1948 &
1676 1882 1773 1935 ex
1816 1860 2183 1937 ambobus
2234 1888 2563 1965 compo-

497 2046 507 2055 ,
632 1962 751 2042 fiti
835 1962 1208 2040 neutrales
1235 1990 1260 2059 3
1336 1959 1463 2037 alii
1528 1984 1717 2038 veto
1786 1959 1991 2037 basin
2066 1966 2559 2045 continentes

629 2087 777 2169 per
824 2062 902 2141 se
949 2088 1110 2140 non
1165 2059 1612 2157 solubilem,
1699 2060 2130 2141 terrestrem
2204 2066 2335 2143 vel
2402 2060 2563 2143 ine-

629 2166 1006 2260 tallicam,
1055 2186 1226 2267 quae
1271 2187 1540 2263 aquam
1566 2188 1730 2239 non
1777 2161 2013 2258 subit,
2064 2164 2201 2243 nifi
2234 2166 2367 2243 sali
2406 2171 2559 2245 cui-

627 2265 812 2345 dam
873 2269 1216 2385 genuino
1261 2266 1621 2361 adunati,
1673 2262 1913 2343 medii
1974 2266 2104 2346 vel
2172 2270 2557 2380 analogiei

632 2393 903 2450 vocari
946 2366 1273 2472 poss‘unt.

1476 2525 1541 2628 §·
1594 2525 1690 2603 x.

1415 2627 1674 2718 Acid
1692 2655 1763 2714 a.

777 2789 972 2895 Qut
1013 2789 1320 2894 semper
1367 2789 1601 2869 fluida
1637 2788 1849 2884 sunt,
1890 2786 2123 2882 fleon,
2171 2810 2257 2866 ut
2306 2788 2547 2890 ajunt,

616 2892 819 2996 pede
889 2895 1409 2996 praeterimus,
1463 2918 1698 2994 quum
1742 2887 2133 2970 flammam
2200 2891 2543 2972 nostram

617 2994 968 3088 eludant,
1018 3018 1372 3075 coner-eta
1423 3019 1618 3075 vero
1672 2993 1845 3072 heic
1888 2994 2439 3072 examinemus,

719 3148 1037 3224 AcmuM
1083 3151 1403 3251 arfinici,
1450 3147 1727 3256 (probe
1780 3145 2000 3238 distin
2064 3149 2407 3225 vendum
2444 3151 2537 3226 ab

612 3245 959 3325 arsenico
996 3249 1220 3346 albe,
1269 3251 1482 3352 quod
1533 3249 1845 3352 quidem
1914 3253 1994 3353 ip
2032 3273 2162 3328 um
2230 3251 2536 3330 acidum

615 3351 1010 3446 continet,
1061 3352 1194 3429 sed
1239 3374 1448 3429 tanta
1494 3353 1746 3430 adhuc
1800 3353 2095 3428 unitum
2166 3349 2538 3458 phlogisti

612 3454 1059 3552 quantitate,
1116 3473 1200 3530 ut
1251 3456 1336 3530 in
1390 3452 1765 3556 sulphuris
1812 3453 2013 3556 quafi
2062 3451 2393 3555 speciem
2444 3452 2541 3532 fit

613 3553 1096 3656 coagulatum
1146 3555 1269 3655 a),
1316 3577 1511 3660 aqua
1556 3555 1958 3664 spoliatum
2008 3553 2320 3636 maffam
2403 3552 2540 3634 fic-

1393 3703 1401 3710 ·
2358 3679 2533 3738 cnm

709 3815 780 3892 ι)
819 3808 973 3880 Diffi
1015 3808 1084 3877 de
1123 3810 1430 3883 Arsenico.
