2760 4749
518 334 647 427 De
687 338 897 430 calce
950 344 1141 431 auri
1160 340 1714 458 fulminante.
1935 382 2089 475 145

196 570 434 653 vapor
486 557 693 631 enim
741 552 989 634 nihilo
1042 562 1291 639 minus
1346 566 1545 643 inter
1621 564 1854 671 spiras
1928 574 2085 652 exi·

194 672 341 731 tum
386 652 522 733 fibi
566 661 865 758 paravit
916 684 1175 761 parum
1231 663 1555 745 sibilans.

1049 926 1065 947 .
1121 864 1153 941 1
1160 862 1258 942 V.

190 1006 511 1117 Quibus
570 976 841 1103 rhodis
900 857 1410 1110 fit§tollenda
1441 1019 1580 1151 „vis
1613 1017 2083 1142 fulminante,

330 1198 613 1277 scopus
666 1200 838 1280 heic
896 1202 1237 1304 quaefitus
1288 1207 1519 1289 variis
1568 1212 1842 1293 mediis
1892 1220 2086 1295 obti-

182 1300 345 1393 neri
392 1300 676 1405 potest,
730 1302 960 1405 idque
1010 1306 1227 1387 etiam
1282 1308 1437 1387 fine
1491 1312 2034 1406 additamento.

327 1468 441 1573 A)
465 1470 744 1550 ΝΕΜΡΕ
760 1473 911 1570 fhlo
937 1478 1100 1577 igne
1122 1490 1253 1576 per
1283 1482 1556 1581 gradus
1576 1479 1776 1563 ‘lente
1811 1488 1903 1567 θ’
1928 1508 2082 1590 pro·

174 1568 333 1649 vide
372 1574 588 1651 audo.
692 1574 989 1653 Scilicet
1036 1576 1441 1657 adhibetur
1485 1588 1708 1663 initio
1761 1591 1970 1667 calor
1996 1594 2086 1669 il·-

174 1671 229 1749 li
273 1676 711 1774 proximus,
765 1698 924 1775 quo
958 1677 1384 1756 fulminatio
1438 1684 1606 1762 fieri
1659 1687 1886 1784 solet,
1951 1693 2083 1769 hie

174 1794 368 1851 vero
416 1801 601 1853 mox
658 1777 1037 1857 relaxatur
1085 1779 1417 1879 paullum
1451 1837 1471 1875 ,
1553 1786 1732 1865 dein
1803 1794 2082 1872 iter-um

175 1873 481 1952 alternis
531 1876 828 1956 vicibus
878 1874 1147 1960 senfim.
1202 1904 1515 1987 augetur
1559 1886 1642 1967 ἃ,
1689 1892 2080 1990 minuitur,

172 2002 327 2077 quo
374 1976 677 2073 labore,
722 1980 1011 2081 pluries
1062 1983 1207 2057 rite
1258 1986 1744 2079 continuato,
1811 2018 2081 2075 aurum

169 2076 582 2157 fulminans
654 2083 897 2184 magis
970 2084 1365 2185 magisque
1437 2087 1607 2192 igni
1685 2094 2082 2175 intenfiori

168 2177 473 2274 refistit‚
542 2180 1001 2281 tandemque
1066 2182 1386 2261 obscure
1451 2191 1816 2292 nigrescit·
1869 2196 1949 2273 δε
1997 2220 2104 2275 o·⁸

167 2283 337 2357 mni
401 2283 743 2384 privatur
776 2282 1275 2386 explodendi
1355 2288 1654 2374 virtute.
1787 2294 2080 2377 Patien-

162 2386 346 2458 tiam
390 2403 695 2463 exercet
750 2385 990 2462 hocce
1046 2389 1698 2484 experimentum,
1748 2420 1927 2475 nam
1971 2402 2084 2476 ni·

162 2483 220 2560 fi
268 2485 481 2562 calor
573 2488 820 2590 perite
896 2508 1360 2588 temperetur
1391 2545 1412 2580 ,
1483 2495 1885 2595 omnisque
1943 2495 2082 2576 -vel

161 2587 488 2664 minima
552 2589 863 2690 agitatio
916 2588 995 2665 &
1072 2587 1432 2668 adst-istus
1503 2597 1870 2690 evitetur,
1919 2600 2080 2702 pul·

166 2690 290 2764 vis
366 2689 643 2764 eodem
710 2711 1109 2768 momento
1176 2690 1390 2770 solita
1451 2695 1936 2778 vehementia
1995 2704 2134 2780 in.

159 2811 426 2866 auram
474 2802 747 2876 avolat.

314 2931 823 3042 B)‘Mu1.·ruM
872 2941 1121 3046 itaque
1155 2943 1384 3050 juvat
1409 2943 1702 3027 additio
1725 2948 1910 3030 alius
1937 2979 2118 3033 ma··

154 3049 370 3124 teriae
399 3044 601 3142 siccae
623 3097 644 3139 ‚
694 3043 1177 3149 cujuscumque
1226 3051 1497 3126 demum
1550 3068 1817 3133 naturae
1831 3113 1858 3152 ,
1913 3081 2079 3137 mo-

154 3147 271 3224 do
348 3147 597 3248 probe
668 3148 1107 3248 pulveretur
1195 3145 1278 3226 &
1336 3153 1817 3233 trituratione
1898 3183 2082 3240 cum

153 3247 491 3354 pulvere
573 3242 792 3325 solari
847 3246 1115 3326 intime
1192 3251 1814 3350 commisceatur,
1882 3264 2078 3342 adeo

148 3375 239 3429 ut
298 3350 462 3450 ejus
520 3351 943 3450 particulae,
1002 3373 1365 3451 quantum
1415 3355 1585 3430 fieri
1635 3359 1923 3459 potest,
1975 3365 2081 3442 se.

150 3472 552 3556 parentur.
654 3451 837 3528 Hoc
906 3456 1113 3536 enim
1183 3449 1430 3552 fasto,
1501 3458 1742 3556 (quod
1820 3471 2082 3563 parvis

156 3553 656 3656 portionibus
704 3547 915 3632 facile
952 3553 1470 3655 exploratur‚)
1516 3557 1670 3635 fine
1706 3583 1912 3643 metu
1937 3568 2074 3644 ful-

158 3655 619 3734 minationis
673 3653 975 3732 miscela
1037 3653 1198 3760 igni
1247 3657 1678 3759 exponitur.

260 3809 499 3896 Bergm.
523 3807 718 3894 Opusc.
745 3809 807 3874 V
798 3807 869 3881 ol.
890 3808 977 3879 11.
1178 3806 1249 3888 Κ
1678 3809 1681 3814 ’
1897 3819 2070 3900 sm,-
