2760 4749
606 358 735 507 De
788 360 1047 476 lapide
1099 340 1626 481 hydrophana.
1881 334 1888 341 ⁶
1965 374 2076 478 65

172 572 583 653 titudinem
616 572 743 652 seu
780 572 1333 662 dimenfionem
1370 574 2078 678 perpendicularem

174 675 643 770 minuendo',
696 677 1171 753 manentibus
1209 676 1694 779 longitudine
1722 678 1802 754 &
1833 678 2081 755 latitu-

177 776 348 853 dine
377 775 645 854 illaefis.
696 776 897 859 Hoc.
924 773 1165 853 modo
1203 778 1451 876 plures
1480 800 1574 855 eo
1602 802 1831 879 usque
1864 779 2079 855 rede-

228 882 277 973 i,
304 898 388 955 ut
414 881 679 979 paucis
712 878 1019 953 minutis
1052 875 1398 954 secundis
1426 878 1610 955 fiant
1631 879 1765 956 lim
1827 880 1960 971 idi,
1995 878 2082 957 δε

278 1002 319 1057 e
364 977 612 1057 dubio
658 977 979 1054 multum
1032 977 1457 1055 detrahitur
1503 981 1786 1059 miracu
1817 1005 1906 1073 ο,
1940 977 2081 1059 nifi

176 1084 509 1156 mutatio
601 1080 940 1153 intuente
1043 1076 1536 1157 observatore
1643 1076 2118 1185 peragatur-⁸
2165 1076 2170 1081 ’

182 1180 538 1257 Ceterum
569 1234 593 1269 ‚
662 1177 719 1256 fi
789 1178 1121 1281 plurium
1206 1179 1564 1265 horarum
1663 1184 2080 1281 requiritur
2165 1200 2179 1213 “

188 1304 429 1374 mora,
495 1303 641 1355 nec
709 1277 1141 1382 progressus
1212 1283 1355 1360 rite
1410 1284 1829 1369 examinari
1899 1304 2078 1383 pot-

186 1380 311 1475 est,
366 1404 521 1457 nec
576 1378 742 1457 satis
794 1378 1115 1457 vifibiles
1167 1403 1571 1491 emergunt
1608 1382 1922 1461 bullulae
1957 1393 2075 1460 ae·

178 1505 307 1559 reae
334 1536 361 1577 ,
418 1481 518 1557 ab
584 1504 772 1581 aqua
816 1479 1169 1583 expulsae.
1603 1508 1615 1519 ·

316 1651 599 1727 Coton
642 1671 687 1725 e
710 1646 925 1727 ferro
978 1646 1083 1727 est
1129 1648 1636 1743 derivamus,
1691 1674 1923 1749 quum
1959 1675 2080 1741 au·

168 1770 319 1829 tem
374 1749 721 1827 martiale
770 1768 925 1826 tam
974 1752 1386 1849 quantitate
1423 1804 1448 1845 ,
1496 1773 1722 1849 quam
1771 1750 2080 1848 qualitaae

166 1873 238 1926 te
294 1851 503 1953 saepe
552 1852 851 1944 variet,
903 1850 1371 1951 non‚potest
1441 1875 1600 1927 non
1675 1851 2104 1951 multiplex·

170 1953 361 2031 oriri
424 1952 970 2053 discrepantia,
1050 1973 1215 2051 quae
1298 1973 1560 2055 tamen·
1626 1951 2076 2054 plerumque

172 2054 371 2131 inter
424 2050 956 2132 flavescentem
1006 2050 1086 2129 &
1140 2053 1445 2131 badium
1497 2054 1863 2131 versatur.

321 2236 425 2339 G)
482 2233 715 2337 Qon
774 2236 1071 2340 ,Opalus
1135 2240 1522 2321 interdum
1598 2246 1894 2341 aquam'
1943 2240 2078 2315 ada

172 2339 419 2417 mittat
464 2337 758 2418 dudum
811 2343 1245 2419 notavimus
1292 2344 1386 2444 (§.
1414 2343 1515 2438 ΙΙ,
1541 2342 1692 2442 F),
1739 2340 2077 2428 sed-mu·

172 2443 351 2516 tatio
399 2463 609 2543 aegre
658 2441 749 2517 fit
802 2441 1251 2544 conspicua,
1300 2469 1534 2544 quum
1607 2465 1750 2542 per
1794 2439 1898 2516 se'
1941 2465 2078 2513 an·

174 2559 285 2618 tea
334 2539 428 2620 fit
484 2542 1155 2642 iemiperlucidus,
1207 2543 1263 2623 fi
1316 2567 1565 2622 autem
1622 2542 1748 2620 vel
1781 2539 2078 2642 sponte,

170 2642 533 2718 inchoata
591 2638 1051 2738 fatiscentia,
1101 2645 1229 2720 vel
1290 2649 1515 2722 etiam
1567 2662 1772 2736 arte,
1823 2641 1981 2717 leni
2016 2643 2076 2715 i-

165 2744 337 2920 {nis
420 2739 716 2846 gradu,
815 2747 1267 2846 opacitatem
1351 2743 1734 2824 contrahit
1763 2799 1787 2834 ‚
1883 2763 2074 2816 mox

230 2845 395 2944 apis
452 2842 845 2920 obtinetur
896 2846 1295 2928 mutabilia.
1402 2846 1512 2922 Ut
1567 2842 1948 2923 mediante
2009 2844 2076 2916 i-3

164 2967 331 3050 gne·
364 2942 603 3020 ficcus
658 2943 792 3022 fiat
837 2945 984 3022 luci
1028 2948 1449 3049 impervius
1493 2944 1782 3022 summa
1821 2945 2074 3042 requi·

160 3048 353 3125 titur
404 3045 863 3148 prudentia,
906 3059 1138 3146 quum
1195 3049 1439 3125 nimio
1497 3045 1712 3142 aestu,
1729 3043 2074 3224 fpraeser·

160 3146 301 3224 tim
356 3149 814 3248 repentino,
876 3150 957 3224 in
1031 3150 1333 3250 miuora
1385 3146 1678 3226 diffiliat
1745 3143 2078 3244 ‚rustulaq

308 3327 445 3430 H)
500 3330 886 3406 Murano
964 3323 1415 3414 acceleratur
1490 3347 1677 3426 aqua
1735 3321 2080 3418 fervida‚‘

160 3451 329 3526 quae
362 3431 449 3506 δε
498 3429 765 3506 melius
816 3446 1202 3530 penetrat,
1245 3425 1325 3500 &
1360 3443 1646 3522 meatus
1696 3425 1948 3505 calore
1995 3439 2076 3501 a-'

216 3533 547 3606 ertiores
618 3531 934 3610 invenit,
1051 3524 1429 3603 Puriffima
1497 3525 1799 3628 semper
1857 3525 2070 3600 adhi-

214 3651 477 3725 eatur,
530 3629 683 3706 five
745 3631 1020 3716 calida,
1066 3626 1220 3703 five
1269 3626 1593 3732 frigida,
1649 3651 1824 3729 nam
1892 3627 2070 3703 alias
2161 3633 2166 3640 '

158 3729 439 3808 sensim
490 3731 929 3828 obscuratur
974 3726 1251 3830 Lapis(
1300 3729 1598 3812 Scilicet
1647 3729 1936 3832 quaevis
1989 3750 2070 3800 a·

256 3847 708 3934 Bergm.,0pufi.
734 3852 855 3918 Vol.
880 3849 965 3912 ΙΙ.
1146 3830 1208 3908 Ε
1490 3882 1496 3893 =
1682 3885 1686 3890 -
1791 3915 1800 3926 α
1875 3849 2067 3924 qua,
