2760 4749
622 356 745 451 De
798 360 1005 449 calce
1045 364 1238 451 auri
1259 359 1793 475 fulminante.
1885 352 1889 355 ’
2003 386 2160 480 155

282 574 479 679 quiis
532 596 739 671 aquae
791 576 1034 679 regiS,
1088 576 1653 654 edulcoratione
1688 601 1846 655 non
1885 576 2176 655 obstan·

276 696 355 756 te
380 728 402 765 ,
456 678 928 776 praecipitato
958 677 1490 755 inhaerentibus
1512 734 1533 767 ,
1566 681 2174 779 experimentum

276 776 425 857 fuit
476 781 883 878 repetitum
936 800 1031 852 eo
1080 778 1369 871 mode,
1426 800 1504 858 ut
1555 779 1735 857 illud
1781 803 2028 873 ‚antea
2093 782 2174 857 in
2285 856 2296 865 ,

280 878 501 958 acido
550 879 839 954 vitrioli
891 878 1169 980 viginti
1216 900 1534 979 quatuor
1609 881 1819 959 horis
1875 880 2176 985 digere-

276 992 537 1068 retur,
590 979 672 1058 &
724 976 903 1056 dein
958 1003 1143 1080 aqua
1202 1005 1390 1081 pura
1439 980 1632 1070 bene
1692 982 2018 1059 ablutum
2077 982 2178 1079 lb·
2249 1006 2266 1026 ‘

276 1080 537 1159 lationi
571 1078 934 1173 alkalinae‚
1001 1102 1156 1155 tam
1216 1083 1385 1158 miti
1435 1080 1778 1185 aquosae,
1829 1082 1910 1158 δε
1969 1081 2173 1184 spiri·

272 1178 533 1271 mosae,
587 1204 811 1279 quam
862 1180 1239 1274 causticae,
1292 1185 1908 1284 immergeretur,
1950 1181 2079 1263 sed
2116 1185 2177 1261 i-
2241 1204 2270 1232 ‘

276 1284 454 1361 dem
514 1282 762 1361 nihilo
807 1284 1056 1360 minus
1106 1304 1417 1361 eventus
1459 1282 1920 1387 sequebatur.

428 1432 515 1532 C)
568 1432 787 1511 CALx
834 1437 991 1510 auri
1042 1435 1244 1512 iners
1283 1430 1436 1513 sola
1471 1434 1550 1513 di
1611 1435 1889 1512 estione
1944 1435 2024 1511 in
2061 1433 2177 1510 so·

274 1534 569 1614 lutione
625 1532 789 1612 salis
837 1535 1229 1633 cujuslibet
1290 1558 1555 1613 neutra
1588 1540 1693 1631 is,
1761 1535 1985 1613 alkali
2041 1559 2178 1611 vo·

275 1636 469 1711 latili
518 1634 743 1728 foeti,
806 1634 961 1717 five
1016 1637 1313 1713 acidum
1364 1636 1698 1715 saturans
1759 1635 1845 1714 fit
1903 1639 2178 1714 vitrio·

272 1737 554 1831 licum,
603 1735 757 1815 five
811 1736 1229 1828 nitrosum,
1276 1737 1430 1815 five
1505 1742 2026 1826 muriaticum,
2091 1736 2198 1815 fitx

276 1838 717 1919 fulminans.
829 1837 1021 1916 Calx
1091 1862 1313 1913 aurea
1378 1864 1522 1941 qua
1583 1841 1884 1938 pondus
1963 1840 2174 1913 circi·

270 1962 392 2019 ter
438 1948 591 2037 ,2505
640 1937 849 2017 austa
901 1941 1277 2039 reperitur
1314 1939 1394 2018 &
1431 1938 1842 2018 solutiones
1890 1962 2179 2014 ammo-

268 2038 951 2128 niacales·refiduae
994 2036 1211 2115 acido
1266 2039 1671 2125 abundant.
1719 2043 1977 2139 Itaque
2013 2038 2179 2118 calx

270 2144 440 2221 auri
494 2164 651 2219 non
711 2140 1121 2218 fulminans
1194 2139 1458 2217 salibus
1517 2141 2180 2217 ammoniacalibus

272 2242 857 2321 determinatam
912 2240 1140 2318 alkali
1206 2241 1533 2317 volatilis
1600 2242 1808 2319 dofin
1877 2243 2179 2339 eripere

272 2343 532 2437 valet,
589 2369 753 2446 quae
808 2346 1081 2435 etiam,
1137 2339 1584 2441 destillando
1627 2368 1889 2420 aurum
1930 2340 2177 2419 fulmi-

272 2469 469 2526 nans
527 2447 815 2546 optime
862 2446 1106 2522 lotum
1155 2467 1327 2518 cum
1376 2443 1606 2532 acido
1651 2443 2070 2530 vitriolic0‚
2123 2443 2179 2514 i·

272 2570 523 2627 terum
572 2549 901 2646 separari
949 2541 1243 2646 potest,-
1298 2568 1474 2618 nam
1523 2545 1604 2619 in
1667 2545 1863 2621 collo
1936 2563 2180 2617 retor-

272 2670 499 2728 tortae
561 2647 777 2728 alkali
830 2645 1134 2728 volatile
1187 2643 1655 2724 vitriolatum
1707 2643 2180 2724 sublimatum

274 2749 687 2854 colligitur.

428 2899 536 3001 D)
588 2900 939 2978 TANnEu
976 2899 1057 2974 in
1102 2897 1558 2976 memoriam
1605 2919 2052 2976 revocemus
2101 2920 2180 2971 o»

274 3023 574 3107 portet,
628 3000 833 3101 quod
898 3023 1161 3078 aurum
1212 2998 1365 3077 fine
1415 2997 1641 3075 alkali
1688 2999 1990 3075 volatile
2046 2995 2184 3074 ful·

274 3103 627 3186 minandi
676 3104 1039 3183 virtutem
1091 3100 1488 3204 adquirere
1537 3121 1860 3202 nequeat
1907 3099 2176 3202 ‘(§.11).

272 3409 525 3502 Num
608 3300 1115 3526 quidquam§
1169 3401 1612 3518 Sulphurei
1698 3396 2178 3492 fulminatio-

932 3544 1127 3608 nem
1186 3513 1501 3606 efficiat.

428 3633 963 3730 Aannoluzs
990 3628 1345 3724 Chemici
1378 3627 1744 3728 plerique,
1795 3625 1876 3702 &
1919 3646 2178 3699 recen·

271 3731 557 3817 tiorum
600 3733 1059 3839 nonffpauci,
1118 3728 1215 3810 de
1274 3727 1628 3834 sulphure
1677 3725 2008 3827 quodam
2057 3723 2179 3900 {o-

1569 3844 1575 3850 .
2105 3846 2176 3898 a·
