2760 4749
638 292 677 365 t
692 300 803 387 30
1126 267 1253 357 De
1270 228 1534 359 (terra
1589 264 2097 357 Turmah'ni.

625 486 833 587 liqua
885 482 1085 562 forte
1170 500 1347 589 eget
1403 479 1902 561 correffione.
2030 481 2362 560 Habitus
2435 480 2548 558 cli·

627 584 887 673 versus
946 588 1025 661 in
1072 586 1656 677 tentaminibuS,
1735 584 1924 659 tubo
2003 578 2552 687 ferruminato·

524 696 541 755 '-
622 692 747 769 rio
798 686 1148 765 institutis
1182 740 1205 777 ,
1255 684 1664 787 quamdam
1731 684 2022 763 evincit
2101 682 2549 788 discrepan-

622 794 815 867 tiam
869 814 913 865 a
960 786 1379 891 Tytolenfi
1449 787 1530 863 &
1597 786 2082 888 Ceylonico‚
2153 783 2287 861 sed
2357 812 2550 863 num

626 892 849 1067 anaim
904 888 989 967 fit
1036 889 1205 967 {atis
1251 886 1512 967 exacta
1565 886 1876 965 ulterius
1944 886 2550 965 examinandum

633 1008 751 1071 rel
788 1011 884 1069 at.

830 1144 929 1243 F)
976 1142 1209 1243 Quon
1262 1163 1452 1243 aqua
1502 1138 2134 1243 compositionem
2165 1140 2548 1247 ingredia·

624 1264 809 1335 tur‚·
862 1270 975 1345 ‘ex
1052 1242 1273 1319 fimili
1348 1243 1790 1321 ebullitione
1879 1240 2168 1321 fusoria
2203 1302 2228 1337 ,
2313 1267 2546 1342 quam

625 1348 989 1432 zeolithi,
1040 1346 1309 1431 eadem
1362 1365 1568 1421 certe
1622 1343 2037 1445 imbutis),
2085 1344 2548 1437 monstrant,
2621 1412 2625 1416 .

624 1448 1061 1549 conjestare
1110 1446 1286 1521 licet
1322 1498 1345 1537 ,
1401 1444 1529 1523 sed
1580 1448 1952 1546 quantitas
2005 1448 2346 1522 materiae
2416 1466 2544 1520 ex·

622 1550 1021 1653 plorandoe
1093 1571 1249 1623 non
1324 1546 1456 1623 nifi
1529 1550 1838 1622 unicum
1913 1566 2308 1623 tentamen
2391 1546 2546 1620 hoc

623 1650 974 1755 respe&u
1022 1644 1377 1750 permifit.
1497 1647 1932 1741 Turmalini
2013 1670 2300 1750 nempe
2375 1646 2543 1748 Ty-

572 1752 969 1835 ,rohenfis
1047 1749 1568 1826 centenarium
1604 1801 1627 1841 ,
1703 1751 1786 1827 in
1865 1746 2271 1849 pulverem
2327 1772 2542 1851 gros·

624 1852 902 1927 fiorem
958 1848 1444 1938 disti-asilum,
1515 1874 1660 1947 per
1739 1848 1955 1925 horae
2035 1848 2545 1949 quadrantem

628 1952 711 2022 in
768 1950 953 2049 igne
1003 1944 1319 2020 obscure
1376 1946 1774 2036 rubentem
1821 1951 2072 2041 tenui,
2129 1949 2260 2026 sed
2325 1948 2548 2024 refri-

627 2050 1025 2149 geratione
1070 2045 1375 2147 perasta
1431 2048 1710 2125 nullam
1784 2052 2037 2151 reperi
2115 2049 2544 2127 differenti·

628 2171 752 2222 am
785 2200 807 2238 ,
870 2170 1009 2221 nec
1054 2146 1282 2223 talem
1335 2146 1806 2247 exspectavi,
1865 2176 2096 2251 quum
2153 2151 2310 2227 fine
2370 2177 2544 2225 can·

625 2244 1014 2337 d'escentia
1092 2271 1566 2349 nequaquam
1642 2250 1895 2327 locum
1978 2252 2250 2328 habeat
2325 2252 2544 2327 fufio·

619 2352 841 2459 Ignis
924 2351 1159 2456 igitur
1236 2350 1562 2457 gradum
1635 2371 1998 2451 quantum
2070 2352 2250 2430 satis
2327 2356 2546 2444 auxi,

594 2453 753 2531 'sed
792 2452 1227 2532 Turmalini
1281 2452 1730 2560 fragmenta
1803 2453 2196 2530 crucibulo
2273 2453 2544 2558 adglu-

618 2557 1111 2646 tinabantur,
1164 2556 1409 2635 immo
1463 2579 1636 2628 cum
1701 2555 1980 2632 eodem
2052 2555 2545 2654 colliquesce·

622 2657 843 2746 bant:
936 2658 1199 2756 Itaque
1254 2657 1400 2732 alio
1452 2653 1690 2752 modo
1735 2658 2080 2747 tentavi,
2157 2662 2287 2756 qui
2349 2662 2546 2758 pati-

622 2762 908 2832 entiam
972 2755 1398 2832 exercebat.
1525 2755 1806 2858 Libras„
1860 2757 2144 2862 viginti
2203 2760 2544 2860 quinque

544 2943 550 2950 ,
620 2854 1145 2934 docimasticas
1208 2857 1822 2960 fragmentorum
1865 2911 1886 2952 ‚
1941 2858 2272 2958 quodvis
2333 2859 2545 2936 seor-

616 2957 797 3050 fim,
852 2981 1003 3056 ope
1047 2958 1209 3044 tubi
1267 2957 1866 3036 ferruminatorii
1946 2961 2024 3034 in
2092 2959 2374 3037 scorias
2443 2963 2546 3037 al·

616 3058 755 3134 bas
808 3058 1121 3162 redegi,
1177 3079 1251 3135 at
1294 3059 1445 3134 hoc
1500 3058 1701 3135 fac’co
1755 3062 1890 3135 vix
1936 3059 2190 3138 tamen
2245 3061 2544 3139 senfibi·

596 3159 775 3248 lem
826 3162 1111 3258 inveni
1142 3159 1505 3258 ponderis
1545 3157 2128 3238 diminutionem
2156 3217 2180 3256 ‚
2231 3163 2428 3240 adeo
2461 3185 2544 3240 ut
2585 3243 2590 3248 ,

617 3261 702 3334 in
764 3259 974 3350 hisee
1022 3259 1402 3362 crystallis
1457 3262 1581 3338 vel
1643 3263 1836 3338 nihil
1876 3261 2058 3340 adfit
2115 3263 2543 3366 aquae,'vel

618 3359 877 3446 saltim
930 3361 1416 3464 portiuncula
1467 3362 1693 3464 valde
1743 3367 2037 3468 exigua.

2303 3487 2369 3587 §.
2403 3485 2541 3563 vr.
2641 3574 2654 3582 ,

697 3664 1073 3748 f)·‘00mm.
1132 3668 1205 3734 de
1232 3669 1570 3732 ‘Produffis
1613 3675 1784 3752 Ignis
1827 3651 2072 3746 subtere.
2132 3678 2193 3740 in
2233 3688 2318 3750 N.
2377 3683 2542 3746 Ani:

780 3753 923 3835 upl.
976 3756 1096 3822 vol.
1136 3755 1269 3828 111,
1302 3774 1440 3840 pag.
1487 3763 1563 3834 85
1587 3795 1607 3808 -
1632 3763 1737 3840 89.
