2760 4749
660 322 786 410 De
849 322 1203 410 Mineris
1244 323 1471 436 firri
1519 317 1741 415 albis.
2023 358 2117 417 21
2137 358 2177 440 3

286 556 405 611 tus
460 531 565 611 e'st
619 535 1023 632 numeruS,
1070 559 1152 613 ut
1216 536 1704 616 sufficientem
1767 539 2182 618 inflamma·

284 638 457 710 bilis
514 635 725 713 dofin
780 641 1181 741 porrigere
1232 662 1532 738 queant.

431 851 726 927 TALEM‘
771 847 1319 950 transsationem
1376 876 1594 932 antea
1651 856 1774 930 via
1821 853 2005 930 ficca
2051 831 2178 928 'lo-

280 975 453 1026 cum
508 952 785 1030 habete
827 956 1203 1046 vidimus,
1258 979 1572 1053 eamque
1641 957 1812 1030 heic
1871 976 2174 1052 quoque

276 1053 533 1126 valere
589 1077 799 1130 extra
851 1054 1331 1132 dubitationis
1382 1057 1614 1130 aleam
1647 1076 1945 1156 ponunt
1984 1079 2172 1133 mox

276 1152 709 1232 adferenda.
815 1157 1007 1232 Calx
1068 1157 1217 1232 hoc
1289 1155 1526 1232 modo
1591 1154 1934 1232 exhausta
1995 1156 2170 1230 dein

270 1254 568 1329 acidum
616 1258 1069 1332 vitriolicum
1096 1261 1415 1332 omnino
1447 1256 1752 1357 respuit,
1785 1254 1916 1330 nisi
1955 1255 2166 1352 quid·

270 1379 500 1451 quam
551 1354 861 1432 addatur
914 1355 1253 1432 onustum
1300 1357 1732 1460 phlogist0‚
1771 1356 1974 1453 quod
2013 1381 2164 1430 me-

266 1455 519 1530 diante
551 1457 882 1532 acidoin
926 1459 1127 1532 illam
1163 1461 1456 1559 migrat.
1511 1461 1617 1533 Ita
1645 1456 1972 1532 immiffo
2013 1456 2164 1530 sac-

266 1559 553 1644 char0‚
600 1558 857 1650 melle,
919 1561 1259 1662 gummi,
1313 1560 1551 1634 aliave
1606 1556 1882 1632 idonea
1932 1578 2160 1630 mate·

262 1662 421 1746 ria,
492 1655 760 1732 solutio
828 1663 1277 1759 promoveri
1344 1659 1424 1733 &
1519 1657 1809 1744 absolvi
1893 1655 2158 1756 potest.

260 1756 565 1832 Harum
597 1759 782 1849 illae,
837 1785 1040 1859 quae,
1085 1759 1344 1834 demto
1385 1757 1901 1833 inflammabili
1946 1758 2160 1855 prin·

262 1859 506 1958 cipi0‚
558 1863 854 1958 penitus
908 1882 1262 1958 pereunt,
1312 1881 1391 1936 ut
1446 1883 1486 1935 e
1543 1858 1992 1958 corporibus
2031 1861 2158 1930 or-

256 1962 548 2058 ganicis
602 1983 839 2051 ortae,
892 1982 1171 2061 practer
1230 1981 1726 2035 memoratam
1765 1955 2154 2058 phlogisti-

256 2060 637 2136 cationem
687 2061 888 2138 nulla
939 2062 1079 2136 alia
1131 2059 1234 2136 sui
1286 2059 1596 2165 vestigia
1650 2062 1724 2134 in
1783 2058 2154 2136 solutione

254 2160 707 2258 relinquunt.
815 2162 1150 2243 Similem
1208 2186 1506 2258 quoque
1551 2159 1900 2235 effessum
1959 2183 2154 2258 p-rae-

250 2259 445 2336 stant
496 2261 833 2356 metalla,
889 2287 1049 2337 non
1100 2282 1389 2336 tantum
1438 2261 1942 2362 ignobiliora,
2020 2257 2150 2332 sed

253 2362 461 2460 quod
544 2365 963 2453 miremur,
1030 2362 1273 2463 ipsum
1340 2387 1652 2451 aurum,
1731 2358 2147 2459 praesertim

251 2466 335 2537 in
387 2466 603 2539 acido
683 2467 1113 2553 muriatico,
1194 2465 1295 2536 ita
1345 2483 1643 2551 tamen,
1722 2482 1801 2535 ut
1881 2484 2145 2537 eorum

250 2562 417 2638 calx
468 2567 543 2639 in
600 2568 923 2639 mixtura
969 2563 1149 2641 dein
1196 2563 1411 2638 facile
1465 2565 1902 2661 reperiatur.
2011 2558 2146 2632 Di·

248 2665 497 2740 ximus
550 2664 989 2767 phlogiston
1056 2688 1205 2764 ope
1266 2665 1459 2737 acidi
1510 2660 2005 2761 transportari
2061 2660 2144 2733 in

244 2766 535 2843 calcem
584 2768 917 2866 nigram,
972 2764 1051 2841 ὃς
1098 2766 1293 2840 hanc
1332 2762 1514 2861 justa
1536 2762 1696 2837 dosl
1749 2780 2140 2837 oneratam

244 2864 482 2958 solvi,
556 2867 780 2964 idque
846 2868 1011 2965 jure
1063 2864 1678 2955 adfirmavimu3‚
1735 2888 1907 2937 nam
1979 2860 2140 2938 haec

242 2962 400 3042 sola
442 2992 610 3043 cum
672 2968 1063 3057 saccham,
1142 2990 1327 3064 aqua
1373 2964 1619 3040 soluto
1685 2962 1941 3052 cocta,
2025 2964 2135 3036 in·

241 3066 679 3143 flammabili
728 3070 1039 3145 minime
1100 3064 1423 3154 ditatur,
1474 3090 1613 3141 nec
1678 3065 2138 3153 additamen-

240 3192 405 3244 tum
466 3172 791 3245 mutatur
826 3226 849 3259 ,
900 3166 1029 3243 sed
1086 3170 1468 3269 integrum
1541 3185 1834 3255 manet,
1883 3164 1962 3243 &
2039 3186 2173 3239 eo.

238 3269 531 3346 lotione
585 3270 973 3370 separato,
1025 3262 1148 3344 issa
1217 3292 1428 3367 aeque
1513 3264 1978 3355 insolubilis,
2046 3288 2133 3338 ac

240 3390 501 3463 antea,
552 3370 1134 3447 inveniturJSi
1185 3392 1373 3443 vero
1417 3367 1712 3443 acidum
1748 3364 1957 3440 simul
2006 3363 2130 3439 ad-

236 3468 388 3561 est,
450 3472 611 3549 haec
657 3471 820 3547 calx
877 3467 1255 3545 mediante
1298 3470 1431 3543 illo
1487 3490 1774 3543 tantum
1827 3468 1978 3539 cito
2021 3462 2128 3537 su-

232 3570 497 3671 scipit,
546 3594 901 3671 quantum
960 3591 1040 3648 ut
1095 3568 1423 3649 solvatur
1479 3565 1965 3647 neceffarium
2001 3562 2130 3655 est,

235 3666 477 3749 immo
538 3670 867 3751 adfusum
942 3672 1237 3849 acidgm
1308 3670 1590 3747 vitrioli
1643 3662 2123 3769 phlogistica-

1218 3792 1258 3869 3
1916 3848 1922 3858 ,
1968 3784 2124 3842 tum
