2760 4749
568 336 600 398 1
614 315 670 396 6
949 307 1073 397 De
1109 307 1427 423 fhrmis
1484 308 2086 427 Crystallorum.

557 520 1017 601 aemulentur.
1090 520 1319 603 Tales
1364 524 1758 609 moleculae
1803 545 2060 602 mutua
2093 521 2248 600 fine
2305 523 2448 600 du·

558 625 692 703 bio
750 624 1081 728 gaudent
1131 624 1571 703 attraffione
1627 628 1710 705 &
1755 625 2158 705 necess'aria
2194 627 2452 701 mobi-

556 726 800 818 litate,
852 750 985 802 cur
1037 751 1200 802 non
1255 728 1643 829 crystallos
1693 728 2032 813 dabunt?
2099 726 2192 803 Et
2255 750 2452 805 vero

560 824 865 905 videtur
920 825 1382 907 fimillimum
1428 830 1790 930 plurimas
1842 851 2102 920 terraS,
2150 852 2315 928 quae
2373 831 2457 901 in

559 950 809 1031 regno
870 950 1281 1006 occurrunt
1349 932 1696 1008 minerali
1728 984 1750 1025 ‚
1820 931 2309 1033 symmetrica
2375 927 2460 1003 &

558 1028 891 1145 regulari
938 1024 1293 1130 praeditas
1349 1027 1646 1125 forma,
1695 1033 1842 1109 hac
1899 1034 2024 1107 via
2077 1024 2464 1109 coaluiss'e.

720 1182 1201 1258 MEcHAch
1243 1184 1626 1261 immixtio
1659 1184 1740 1261 &
1777 1185 2112 1287 genuina
2147 1180 2462 1276 solutio,

560 1282 670 1359 uti
708 1282 899 1357 mihi
932 1282 1239 1381 quidem
1290 1283 1634 1377 videtur,
1681 1286 1928 1386 probe
1979 1286 2149 1359 sunt
2193 1281 2466 1357 distin-

620 1382 909 1473 uendae,
944 1384 1120 1458 licet
1170 1386 1932 1487 aequiponderatione
1969 1386 2462 1461 conveniant.

645 1509 757 1560 uae
818 1484 1063 1585 priori
1121 1485 1382 1561 medio
1433 1486 1816 1563 inhaerent
1880 1484 2462 1585 liquidovehi·

476 1680 483 1689 ς
569 1587 738 1687 culo
788 1585 1209 1679 moleculae,
1256 1584 1311 1661 fi
1387 1588 1469 1662 in
1523 1585 1770 1662 fundo
1818 1584 2168 1663 collectas
2227 1586 2467 1685 poni·-

560 1708 751 1777 mus‚
814 1685 1097 1763 ibidem
1151 1684 1566 1779 restabunt,
1617 1685 1751 1762 nifi
1795 1707 2050 1763 motus
2097 1686 2466 1761 adhibea-

562 1808 683 1863 tur
733 1786 1073 1872 idoneus.
1174 1789 1282 1864 At
1353 1786 1667 1864 solubile
1720 1784 1993 1888 sponte
2044 1808 2185 1888 per
2249 1810 2468 1861 men-

561 1886 743 1963 strui
779 1909 1017 1963 totam
1070 1884 1376 1963 massam
1449 1886 1969 1980 distribuitur,
2019 1889 2248 1963 etiam
2304 1885 2464 1962 fine

562 1989 781 2061 omni
828 1986 1327 2085 quass'atione,
1388 1992 1734 2089 quamvis
1790 2009 2169 2092 praeterea
2221 1989 2463 2062 mini-

564 2109 691 2161 me
766 2084 852 2161 fit
924 2087 1405 2191 negandum,
1506 2091 1692 2189 quin
1762 2091 2034 2168 eadem
2119 2086 2500 2175 adhibita,

516 2249 523 2257 .
567 2186 1025 2264 acceleretur
1084 2190 1454 2289 operatio,

714 2339 811 2442 B)
867 2341 1201 2419 Fumone
1256 2341 1576 2421 &lenta
1616 2342 2195 2446 refrigetatione
2255 2340 2466 2417 haud

562 2465 741 2520 raro
826 2441 1149 2545 crystalli
1224 2453 1534 2544 'quoque
1611 2446 2039 2548 provocari
2127 2441 2462 2546 poss'unt.

565 2545 887 2620 Materia
957 2545 1221 2621 caloris
1312 2543 1717 2622 sufficiente
1782 2546 2200 2646 quantitate
2286 2567 2462 2644 per-

564 2667 823 2719 means
879 2644 1113 2720 solida
1154 2655 1504 2748 corpora,
1565 2672 1728 2746 quae
1780 2643 2152 2721 struaura
2195 2663 2466 2720 carent

568 2744 951 2842 organica,
992 2746 1221 2820 multa
1266 2747 1562 2822 emollit
1597 2746 2007 2845 &liquida
2053 2743 2263 2837 facit,
2293 2769 2471 2846 par-

566 2839 829 2915 ticulas
884 2843 1087 2918 enim
1132 2867 1535 2943 penetrans
1590 2847 1671 2924 &
1724 2845 2166 2924 obvolvens
2214 2843 2472 2948 fingu-

570 2938 662 3046 ljs
714 2938 1206 3018 mobilitatem
1260 2946 1622 3046 impertit,
1677 2943 1875 3022 adeo
1931 2967 2013 3022 ut
2067 2944 2195 3022 sub
2253 2946 2470 3021 lenta

569 3034 1146 3139 refrigeratiorne
1206 3045 1632 3123 attrastioni
1706 3068 1984 3146 queant
2055 3046 2312 3150 obtem
2381 3070 2470 3122 e·

568 3143 766 3230 rare,
808 3137 1289 3314 {ymmetrice
1340 3146 1643 3224 easdem
1702 3147 1782 3222 di
1843 3149 2110 3222 erenti.
2160 3147 2268 3224 lta
2322 3073 2471 3224 ¹{3111-

569 3233 767 3335 phur
848 3237 1053 3316 usum
1090 3245 1152 3316 ri
1213 3243 1468 3322 escens
1517 3247 1644 3323 fila
1681 3269 1776 3323 ex
1839 3247 1993 3323 ibet
2045 3248 2126 3324 ἃ.
2173 3247 2468 3325 eodem

570 3358 962 3416 momento
1010 3342 1120 3418 ele
1202 3346 1574 3422 ricitatem
1641 3348 2041 3424 contrahit.
2153 3347 2471 3424 Vismu·
2553 3349 2558 3356 ’

541 3453 764 3541 tum,
836 3441 1135 3518 zincu'm
1191 3444 1272 3521 &
1324 3447 1724 3523 antimonii
1781 3449 2090 3550 regulus
2156 3447 2470 3526 teffula-

567 3557 733 3650 rem
816 3543 1385 3636 quodammodo
1471 3571 1925 3647 compagem
1993 3547 2468 3646 adquirunt,

568 3658 807 3714 immo
858 3640 1158 3721 ultimus
1204 3648 1285 3722 in
1337 3648 1609 3735 conico
1665 3648 2018 3728 modiolo
2067 3649 2470 3754 rigescens

2296 3775 2469 3838 non
