2760 4749
620 537 655 574 l

696 315 855 376 202
1114 276 1237 366 De
1294 279 1650 370 Mineris
1696 275 1914 390 ferri
1967 276 2200 368 albis.
2290 281 2294 290 '

840 493 1072 594 QJon
1102 496 1179 569 in
1232 489 1619 596 Magnefia
1650 492 1868 596 nigra
1917 489 2296 570 metallum
2337 491 2581 590 quod-

690 600 903 688 dam,
950 593 1041 670 ab
1084 615 1296 670 antea
1363 595 1560 672 notis
1637 591 2074 686 diversum,
2149 591 2582 686 delitescat,

690 724 731 776 a
768 696 1105 798 pluribus
1146 717 1355 772 retro
1403 696 1616 770 annis
1663 693 2044 797 perspexi,
2088 696 2370 794 ‘partim
2411 717 2582 796 gra-

690 803 916 876 vitate
972 796 1352 898 specifica,
1385 798 1657 898 partim
1707 798 1797 871 ab
1833 795 2164 894 ejusdem
2209 795 2403 871 vitra
2434 798 2584 870 tin-

688 899 923 1008 gendi
1003 899 1390 992 facultate,
1435 899 1736 1000 'partim
1799 899 2024 973 etiam
2082 895 2310 972 alkali
2359 895 2583 996 phlo-

690 999 1084 1108 gisticat0‚
1162 1023 1315 1100 quo
1383 999 1605 1074 unice
1677 999 1972 1075 metalla
2039 997 2271 1074 acidis
2337 997 2585 1076 ioluta

686 1123 762 1182 ta
813 1101 1307 1202 dejiciuntur,
1363 1098 1562 1176 nulla
1607 1120 1853 1175 autem
1905 1121 2102 1177 terra
2147 1099 2256 1198 f).
2379 1105 2588 1176 inte.

687 1226 819 1280 rea
870 1199 1394 1278 reduffionem
1447 1202 1678 1277 variis
1727 1220 2194 1280 tentaveram
2264 1199 2522 1276 modis
2563 1253 2585 1293 ,

690 1301 819 1382 sed
880 1303 1102 1398 irrito
1154 1321 1467 1392 conatu,
1523 1317 1698 1376 nam
1757 1321 1879 1377 aut
1923 1304 2004 1378 in
2057 1299 2333 1378 scorias
2381 1302 2584 1377 abie-

688 1426 807 1482 rat
857 1424 1010 1482 tota
1074 1399 1335 1502 masta,
1400 1419 1524 1476 aut
1589 1425 1884 1480 atomos
1956 1400 2359 1504 sphaericos
2423 1422 2584 1477 tan-

690 1529 847 1584 tum
899 1503 1261 1580 discretos
1307 1499 1716 1602 adquisivi,
1772 1528 1857 1580 ea
1915 1503 2094 1580 ferti
2167 1504 2588 1606 quantitate·

690 1609 1139 1710 plerumque
1210 1601 1646 1722 gravidatos
1683 1659 1706 1698 ‚
1774 1628 1853 1682 ut
1903 1607 2239 1706 magneti
2323 1602 2584 1680 obedi·

689 1728 887 1787 rent.
980 1705 1119 1784 Ob
1165 1703 1548 1782 diffieflem
1597 1708 1879 1783 hancce
1916 1705 2418 1782 fufibilitatem
2465 1707 2580 1780 in-

688 1814 829 1887 itio
913 1809 1448 1912 cognationem
1519 1832 1690 1884 cum
1765 1812 2046 1888 Platina
2129 1806 2578 1906 conjec'tavi.

690 1910 1043 1985 Tandem
1096 1931 1288 1983 vero
1338 1907 1683 1996 Domino
1733 1911 1793 2006 J.
1841 1911 1940 1987 G.
1991 1912 2289 2004 GAHN,
2367 1937 2582 1988 meo·

690 2033 863 2085 rum
934 2010 1434 2085 tentaminum
1494 2010 1798 2110 ignaro,
1850 2011 2326 2089 intenfissimo
2397 2015 2579 2118 igne

690 2108 1038 2212 regulum
1122 2106 1430 2202 majoris
1500 2111 1722 2187 molis
1805 2113 2134 2213 eliquare
2229 2113 2577 2194 succeffit.

604 2249 611 2258 ·
690 2210 1053 2289 Ceterum
1108 2208 1204 2284 de
1256 2210 1351 2286 M
1508 2209 1647 2286 efia
1695 2216 1910 2316 nigra
1967 2216 2224 2291 multa·
2265 2218 2580 2319 praecla-

690 2337 773 2391 ra
850 2305 1279 2415 divulgavit
1429 2310 1670 2395 'iariffi
1713 2315 1805 2393 C.
1856 2316 1992 2395 W.
2027 2317 2400 2416 Senem,
2455 2345 2578 2397 an·

690 2438 799 2505 no
858 2436 1053 2509 1774
1096 2416 1203 2513 g).
1282 2416 1702 2515 Praecipua,
1780 2442 1946 2515 quoe
2015 2438 2172 2495 tam
2231 2420 2578 2517 illorum,

688 2540 913 2614 quam
964 2516 1155 2589 meis
1196 2516 1770 2614 experimentiS,
1815 2517 2171 2596 haetenus
2225 2524 2575 2603 innotue-

688 2634 903 2706 runt,
942 2614 1093 2691 huc
1142 2614 1484 2692 redeunt.
1991 2636 1997 2645 ·

870 2782 996 2881 B)'
1068 2779 1319 2879 Mono
1383 2781 1720 2882 sequenti
1795 2784 2091 2863 reduffio
2118 2877 2130 2885 ,
2161 2795 2582 2897 peragitur.

690 2880 1143 2975 Crucibulo,
1192 2884 1600 2961 secundum
1661 2888 2106 2965 methodum
2155 2914 2373 2971 antea
2447 2896 2584 2969 de-

688 2981 1040 3084 scriptam
1100 2985 1414 3086 pulvere
1446 2988 1880 3065 -ca‘rbonum
1924 2988 2151 3070 strato
2195 2996 2291 3099 (§.
2322 3000 2426 3090 V,
2448 2997 2584 3093 E),

690 3100 895 3161 certa
968 3085 1361 3185 magnefiae
1411 3086 1650 3188 nigrae
1715 3094 2082 3192 quantitas
2143 3103 2584 3177 committi-

687 3204 812 3260 tur
841 3241 864 3277 ‚
917 3186 1090 3269 oleo
1146 3184 1267 3267 vel
1318 3186 1544 3260 etiam
1594 3187 1744 3267 sola
1815 3185 2002 3294 aqua
2047 3197 2130 3270 in
2181 3199 2580 3305 globulum

689 3284 1031 3389 formata.
1106 3283 1305 3363 Dein
1340 3286 1660 3385 'pulvere
1698 3292 2142 3391 carbonum,
2191 3301 2404 3398 quod
2448 3327 2579 3392 va·
2617 3298 2632 3307 “

682 3408 913 3469 enum
958 3382 1086 3500 est²
1120 3384 1520 3493 impletur,
1561 3390 1764 3479 aliud,
1806 3396 2268 3481 crucibulum
2316 3404 2582 3480 inver-

2415 3504 2579 3587 sum

704 3678 711 3689 ’
760 3682 851 3774 f)
891 3629 1043 3750 ABa
1087 3678 1282 3748 Stoek.
1323 3689 1458 3749 anni
1505 3704 1691 3775 1774,

764 3772 847 3863 :32
894 3771 966 3839 In
1004 3768 1163 3839 Λξὶίε
1202 3772 1440 3847 stockh,
1553 3776 1559 3781 '
