2760 4749
409 356 534 448 De
577 358 1090 447 minerarum
1127 333 1582 463 Docimafia
1614 343 1973 455 humiliat
2027 388 2185 475 403

281 564 376 653 se
428 596 477 651 n
509 598 528 656 t
557 592 612 648 a
657 590 732 669 2>
773 591 822 647 n
867 596 886 645 ε
923 596 1086 664 ma,
1150 570 1229 649 &
1277 589 1645 673 praeterea
1692 573 2034 678 respestu
2062 598 2193 649 ma

277 700 395 753 eo
442 672 826 750 extenuari
881 675 1124 785 tnagis
1167 695 1256 764 n,
1321 698 1476 772 quo
1531 696 1603 751 m
1668 677 2067 753 notabilius
2117 675 2254 751 u·'.

287 781 620 852 nitatem
688 773 1012 853 excedit.
1096 772 1496 875 *Exempla
1552 775 1631 849 in
1716 775 2195 873 sequentibus

278 875 726 953 occurentia
747 873 943 951 hanc
990 874 1389 971 veritatem
1424 878 1665 979 magis
1712 875 2191 961 illustrabunt.

1126 1094 1192 1197 §-
1240 1093 1342 1179 11.

285 1246 872 1337 Generatim
925 1247 1351 1335 notanda
1422 1251 1519 1334 in'
1576 1246 2197 1337 examinibus

883 1364 1060 1448 viae
1147 1361 1595 1449 humidae.
1717 1372 1727 1379 '

453 1539 797 1625 Nostius
824 1536 1133 1617 demum
1185 1539 1656 1641 temporibus
1692 1536 1996 1615 scientia
2034 1535 2193 1637 spa-

285 1641 602 1748 gyrica‚
651 1638 1156 1717 mediantibus
1211 1644 1441 1717 variis
1484 1638 1917 1733 menstruis,
1966 1640 2200 1712 mine·

289 1765 555 1818 rarum
601 1740 1186 1842 compositiones
1223 1742 1589 1845 indagare
1625 1742 1880 1841 coepit
1908 1797 1927 1828 ‚
1970 1736 2199 1813 fateri

289 1863 560 1918 tamen
612 1865 663 1917 o
721 1861 966 1935 ortet‚
1071 1865 1183 1917 uae
1236 1840 1598 1921 hacienus
1651 1842 1847 1917 edita
1892 1837 2197 1915 fuerunt

289 1943 583 2021 Docim
659 1968 750 2017 1ae
805 1942 1014 2018 humi
1071 1968 1136 2019 ae
1185 1938 1654 2046 fragmenta,
1731 1942 1981 2044 potius
2048 1936 2197 2017 effe

293 2041 775 2145 respicienda
822 2042 1051 2121 instar
1105 2043 1451 2123 methodi
1485 2046 1739 2121 mixtae
1766 2096 1787 2137 ‚
1836 2066 1979 2142 qua
2022 2066 2199 2144 par·

291 2146 442 2221 tim
492 2142 854 2235 humida,
906 2146 1186 2245 partim
1235 2146 1419 2222 sicca
1468 2147 1591 2221 via
1658 2144 1995 2244 ejusdem
2056 2142 2196 2217 mi·

291 2244 1010 2363 riculis-peragitur
1057 2246 1399 2348 analyfiS.
1505 2246 1975 2347 Metaliicum
2036 2243 2195 2340 qui·

289 2347 480 2424 dem
535 2344 957 2422 extrahitur
1003 2344 1384 2424 menstruo
1440 2345 1799 2440 humido,
1838 2342 1966 2423 sed
2014 2341 2197 2420 dein

287 2467 455 2548 ope·
500 2447 702 2552 ignis
749 2448 1023 2524 iterum
1076 2447 1474 2532 reducitur.
1583 2448 1671 2525 In
1720 2444 2197 2546 sequentibus

289 2570 552 2628 autem
603 2548 772 2625 talia
827 2548 1078 2626 media
1150 2547 1491 2626 indicare
1563 2548 2047 2637 conabimur,
2112 2565 2195 2619 ut

291 2651 458 2729 fine
501 2649 1120 2728 calcinationibus
1193 2647 1274 2728 δι
1349 2649 1811 2746 fusionibus,
1884 2645 2205 2725 humida-

295 2750 504 2843 sola‚
555 2771 834 2832 metam
888 2746 1260 2852 attingere
1307 2751 1547 2830 liceat.
1655 2751 1848 2828 Non
1886 2773 1981 2827 eo
2033 2767 2194 2824 ten·
2277 2830 2282 2835 ,

293 2851 420 2930 dit
471 2849 805 2928 nostrum
846 2852 1326 2954 ‘propofitum
1351 2905 1374 2947 ,
1408 2874 1489 2928 ut
1530 2849 1737 2927 ficcae
1770 2848 2034 2950 justum
2072 2846 2197 2924 de·

293 2953 638 3033 trahatur
705 2954 1057 3052 pretium.
1175 2955 1264 3030 In
1330 2953 1547 3054 praxi
1616 2948 2198 3030 commodiffimi

293 3051 972 3152 adcuratiffimique
1029 3051 1409 3154 process'us
1452 3049 1751 3154 semper
1782 3050 2199 3154 praevalere

291 3154 628 3248 debent,
680 3153 813 3233 sed
841 3160 1225 3255 utriusque
1259 3158 1407 3232 viae
1447 3152 1696 3232 debita
1727 3156 2197 3254 comparatio

293 3255 578 3336 institui
651 3257 955 3358 nequit,
1032 3281 1172 3334 nec
1237 3255 1513 3359 optimi
1572 3255 1754 3359 eligi
1829 3253 2197 3358 operandi

290 3357 562 3450 modi,
608 3358 967 3459 quamdiu
1015 3358 1369 3436 alterutra
1417 3354 1506 3434 fit
1552 3353 1785 3459 spinis
1831 3356 1911 3435 &
1958 3360 2199 3458 impc-

293 3459 664 3538 dimentis
715 3459 1013 3538 obruta.
1085 3461 1194 3537 Ut
1242 3461 1477 3560 igitur
1525 3461 1728 3552 haec,
1777 3464 1857 3537 in
1918 3460 2197 3538 emolu-

292 3581 650 3638 mentum
701 3560 1139 3665 analyseos,
1197 3582 1789 3654 removeantur,
1855 3586 1975 3640 res
2034 3583 2193 3638 ma·

295 3663 508 3744 ximi
563 3658 668 3738 est
721 3666 1152 3756 momenti,
1208 3688 1386 3738 nam
1446 3663 1949 3742 Docimastice
2010 3663 2195 3742 sicca

295 3763 497 3844 celat
559 3763 644 3845 ὃς
707 3765 1507 3948 confundithlurima
1585 3769 1993 3874 peregrina
2057 3765 2192 3882 im-

455 3907 466 3921 ·
1211 3891 1251 3942 c
1309 3891 1352 3945 2
1714 3920 1720 3926 -
1999 3891 2194 3945 mix·
