2760 4749
616 338 711 435 1'8
1003 332 1125 420 De
1166 320 1479 446 fo'rmis
1538 332 2152 450 Crystallorum.
2187 289 2204 313 Ι

638 592 655 603 -
763 548 933 623 Ntx
1000 548 1124 623 vel
1198 548 1473 650 glacies
1555 571 1762 646 aquae
1852 544 2112 622 calidae
2177 542 2500 623 immissa
2603 546 2610 553 ’

604 647 980 753 solutione
1032 648 1299 724 caloris
1369 651 1907 748 quantitatem,
1977 671 2076 741 72
2137 648 2502 753 gradibus

603 746 687 828 in
722 746 978 827 nostro
1012 750 1612 826 Thermometro
1647 747 2236 850 respondentem
2265 804 2284 839 ‚
2322 774 2504 847 qua·

602 849 657 926 fi
710 849 1035 931 destruit.
1164 850 1365 925 Sales
1441 849 1812 927 neutrales
1895 846 2362 950 crystallisati
2415 848 2502 925 si·

602 950 885 1029 militer
936 946 1029 1027 'se
1100 951 1428 1042 habent,
1497 974 2093 1052 aquamgnetnpe
2147 949 2504 1053 frigi-dio·

604 1068 769 1129 rem
828 1048 1161 1143 faciunt,
1222 1076 1566 1152 quamvls
1612 1072 1818 1128 antea
1874 1075 2013 1153 per
2072 1051 2286 1151 plura
2353 1076 2508 1153 ny-

604 1152 936 1229 &emera
988 1156 1066 1228 in
1122 1152 1398 1228 eodem
1451 1178 1533 1227 ac
1583 1176 1770 1249 aqua
1815 1152 1991 1228 loco
2047 1154 2324 1227 fuerint
2355 1152 2508 1227 ser-

604 1257 786 1331 vati.
892 1249 1277 1331 Solutione
1326 1255 1681 1329 nimirum
1735 1253 2184 1352 ampliorem
2245 1252 2509 1352 adqui-

604 1376 785 1448 runt
840 1352 1339 1455 superficiem,
1405 1355 1484 1429 &
1539 1353 1688 1428 hoc
1737 1352 1900 1453 ipso
1955 1354 2330 1453 majorem
2393 1379 2508 1428 ra-

602 1481 788 1559 pere
857 1457 1113 1531 valent
1186 1457 1566 1558 ligareque
1645 1456 2087 1555 portionem
2165 1458 2510 1531 materiae

604 1560 915 1649 caloris‘,
958 1581 1126 1654 quae
1181 1554 1434 1633 vinsta
1489 1555 1961 1633 calefaciendi
2010 1557 2288 1630 virtute
2347 1559 2506 1655 pri-

601 1682 859 1750 vatur,
915 1658 1267 1755 ideoque,
1306 1658 1428 1731 illa
1463 1680 1682 1756 aquae
1729 1679 2025 1756 erepta,
2055 1656 2508 1759 hydrargy-

598 1786 766 1837 rum
820 1759 1355 1835 thermometri
1406 1755 1700 1833 immiffi
1772 1755 2088 1833 subsidat
2168 1780 2503 1856 oportet.

598 1863 813 1937 Hinc
903 1857 1217 1951 viciffim
1295 1857 1673 1957 sequitur,
1741 1879 1820 1933 ut
1871 1856 2003 1933 sub
2060 1858 2505 1957 cry-stallisa·

599 1964 812 2059 tione
866 1960 1071 2035 calor
1138 1955 1534 2057 augeatur,
1588 1960 1666 2035 &
1729 1959 1878 2035 hoc
1938 1960 2503 2035 incrementum

601 2060 819 2133 facile
863 2058 1270 2142 observare
1326 2058 1729 2157 poffumuS‚
1777 2059 1904 2134 ubi
1932 2082 2224 2159 magna
2278 2063 2506 2160 copia

598 2158 848 2235 subito
906 2156 1345 2233 concrescit.
1484 2159 2003 2236 Coalescendo
2031 2228 2037 2235 .
2067 2162 2505 2259 superficies

600 2259 1085 2351 diminuitur,
1134 2259 1335 2335 unde
1386 2280 1580 2336 tanta
1635 2263 1960 2337 materiae
2007 2261 2275 2347 caloris
2317 2288 2506 2362 por-

598 2356 748 2453 tio,
802 2386 884 2435 ac
929 2383 1162 2450 antea,
1202 2359 1426 2464 ligata
1462 2363 1770 2438 retineri
1814 2362 2095 2462 nequit,
2132 2360 2506 2464 superflua

598 2487 790 2538 vero
809 2461 1267 2561 liberataque
1295 2461 1779 2561 calefaciendi
1812 2466 2165 2540 virtutem
2189 2489 2506 2566 recupe-

596 2586 739 2658 rat,
776 2561 1286 2646 &iuratione
1323 2561 1750 2664 quantitatis
1782 2563 2130 2647 eamdem
2167 2587 2502 2644 exercet.

742 2735 835 2840 C)
884 2731 1153 2809 CAtoR
1204 2761 1361 2810 non
1412 2755 1701 2811 rantum
1732 2733 2164 2833 liquefacit,
2227 2735 2358 2811 sed
2390 2757 2504 2812 et-

597 2834 747 2906 iam
802 2834 1199 2910 nonnullas
1248 2840 1593 2912 materias
1649 2834 1898 2912 secum
1957 2838 2036 2911 in
2102 2837 2335 2912 altum
2385 2862 2504 2912 ra·

594 2932 733 3030 pit.
840 2933 1257 3010 Materialis
1319 2936 1678 3034 ejusdem.
1729 2933 1942 3013 causa
1979 2961 2238 3038 -partes
2312 2941 2509 3013 inte-

598 3052 901 3132 grantes
941 3057 1334 3132 penetrat,
1391 3039 1801 3138 expandit,
1851 3058 2177 3114 attenuat
2229 3040 2312 3114 &
2363 3037 2506 3115 suo

596 3131 984 3206 connubio
1024 3135 1213 3212 adeo
1248 3137 1456 3214 leves
1511 3135 1724 3230 facit,
1782 3161 1864 3214 ut
1915 3141 1996 3224 in
2051 3150 2220 3216 aere
2252 3163 2508 3216 emer-

597 3253 783 3332 gere
849 3230 1143 3331 poffint.
1271 3237 1498 3312 Tales
1567 3238 1958 3315 moleculae
2011 3241 2282 3315 iterum
2363 3240 2504 3316 sub

593 3329 1181 3433 refrigeratione
1238 3333 1408 3414 satis
1468 3337 1724 3415 liberae
1778 3338 2209 3416 attrastioni
2282 3343 2505 3417 obse-

594 3431 921 3512 cundant
1015 3433 1093 3511 &
1177 3437 1254 3511 in
1342 3437 1730 3538 crystallos
1831 3466 1990 3516 non
2079 3429 2504 3540 nu‘mquarn

592 3529 1039 3609 adunantur.
1145 3538 1320 3614 Huc
1374 3543 1762 3640 pertinent
1803 3567 1969 3640 quae
2022 3566 2064 3620 e
2110 3539 2324 3620 fumo
2385 3571 2507 3620 re-

2365 3671 2506 3748 gu·

681 3797 751 3882 k)
791 3800 969 3867 Cant.
1018 3822 1145 3885 quae
1185 3805 1245 3870 in
1306 3808 1422 3876 vol.
1470 3811 1524 3876 Ι.
1575 3806 1720 3876 dista
1755 3813 1886 3878 sunt
1919 3832 2058 3895 pag.
2103 3830 2234 3898 233
2259 3819 2454 3892 ·236.
