2760 4749
661 344 822 451 366
1033 334 1160 423 De
1219 332 1758 449 Praecipitatis
1816 322 2294 475 Metallicis.

651 544 981 627 success'u
1005 604 1024 641 ,
1077 568 1579 656 praeterquam
1626 547 1845 648 quod¹
1888 550 2023 649 yix
2066 546 2273 627 ultra
2354 548 2575 655 vige·

651 652 788 729 fies
839 650 1200 729 eumdem
1260 650 1641 753 adspirare
1689 649 2083 729 valuerim.

755 828 975 905 Hmc
1025 826 1262 905 saltim
1292 818 1548 907 'elucet
1578 822 2023 928 phlogiston
2069 821 2573 927 pulmonibus

655 928 1051 1006 absorberi
1098 925 1309 1030 poss‘e
1337 926 1493 1003 fine
1542 924 1817 1029 insigni
1869 927 2047 1002 vitae
2094 922 2569 1000 discrimine.

638 1032 829 1107 Scio
877 1028 1280 1131 equidem,
1330 1025 1539 1129 quod
1586 1024 2028 1103 animalcula
2084 1025 2165 1100 in
2246 1048 2355 1099 eo
2428 1027 2567 1099 cito

651 1131 1120 1233 perimantur
1151 1186 1176 1222 ‚
1229 1129 1408 1221 sed,
1463 1149 1589 1204 me
1636 1126 1930 1227 judice,
1978 1127 2129 1204 hoc
2189 1149 2367 1201 non
2442 1127 2565 1201 im·

636 1224 905 1335 pedit,
954 1256 1114 1329 quo
1165 1232 1418 1308 minus
1474 1227 2014 1305 inflammabile
2089 1228 2560 1327 principium

636 1339 730 1411 iu
783 1329 1245 1432 simpliciore
1315 1353 1517 1409 nexu
1552 1388 1573 1421 ‚
1650 1354 1807 1405 non
1874 1348 2166 1404 tantum
2234 1331 2561 1403 omnino

635 1438 1113 1525 innocuum,
1165 1456 1439 1507 verum
1501 1433 1725 1506 etiarn
1797 1427 2107 1504 salutare
2164 1427 2249 1505 &
2310 1428 2555 1505 forsan

559 1539 572 1551 ’
633 1536 1126 1612 oeconomiae
1180 1532 1483 1609 animali
1543 1528 2031 1609 necessarium
2106 1528 2263 1605 ess‘e
2332 1530 2557 1631 poffit.

635 1637 803 1737 Qi
851 1632 1288 1736 perpendet
1331 1630 1694 1731 quantum
1749 1630 1902 1707 hoc
1950 1628 2218 1706 subtile
2276 1634 2557 1732 princi-

631 1741 857 1839 pium
912 1738 994 1811 in
1054 1738 1276 1811 omni
1324 1756 1657 1835 corpore
1736 1734 2102 1836 organico
2179 1732 2557 1824 abundet,
2636 1794 2638 1823 ,

633 1856 1162 1936 quantumque
1191 1832 1549 1933 ejusdem
1603 1833 1984 1931 inaequalis
2022 1835 2246 1934 copia
2284 1837 2371 1909 in
2421 1833 2555 1909 for·

633 1932 941 2013 mandis
994 1936 1318 2012 diversis
1362 1937 1701 2011 materiis
1749 1934 2040 2028 valeat,
2096 1932 2309 2009 haud
2384 1934 2554 2010 diffi-

633 2039 870 2114 culter
919 2035 1059 2112 [bi
1108 2036 1643 2138 persvadebit,
1693 2036 1770 2109 in
1831 2033 2335 2135 pulmonibus
2394 2062 2552 2114 con·

637 2141 850 2217 tinue
898 2136 1388 2214 ,resarcienda
1434 2135 1578 2212 effe
1630 2137 1911 2211 damna
1967 2136 2046 2213 &
2099 2134 2559 2215 detrimenta
2637 2188 2638 2211 ι

631 2240 1018 2343 sanguinis
1072 2234 1581 2343 phlogistica,
1634 2262 1799 2336 quae
1848 2234 2001 2312 fine
2057 2238 2561 2341 interruptio·
2636 2258 2638 2316 ὲ

632 2365 730 2420 ne
785 2339 918 2418 sub
965 2341 1294 2417 circuitu
1349 2337 1629 2438 ubique
1697 2362 1736 2416 e
1794 2335 2227 2425 multifariis
2300 2344 2560 2418 oriun-

630 2466 756 2520 tur
806 2440 1391 2519 secretionibus,
1497 2439 1907 2515 lntendant
1958 2439 2200 2517 modo
2240 2439 2561 2547 *sagaces

631 2565 920 2621 naturae
991 2540 1461 2620 scrutatores
1533 2541 1613 2616 in
1680 2540 1829 2616 hoc
1962 2541 2309 2618 roblema
2406 2543 2560 2620 suas

628 2643 1266 2730 observationeS,
1331 2665 1533 2718 exeo
1595 2643 1782 2716 itenr
1809 2643 1919 2718 inl
1954 2645 2348 2743 ituantque
2404 2646 2561 2721 ido·

629 2769 774 2822 nea
855 2745 1444 2845 experimenta,
1659 2743 1879 2818 brevi
1952 2744 2103 2821 hoc
2170 2743 2557 2825 cardinale

542 2848 548 2855 '
627 2843 993 2944 punE‘cum
1052 2845 1558 2920 dilucidlatutn
1606 2845 1702 2919 iri
1752 2844 2084 2928 confido.
2205 2847 2559 2942 Interea,

629 2969 863 3043 quum
902 2947 1164 3021 omnia
1201 2970 1540 3048 corpora
1584 2947 1946 3048 organica
1983 2946 2137 3024 fine
2187 2947 2411 3024 bono
2448 2957 2561 3028 ae-

628 3069 764 3137 re,
823 3068 965 3122 nec
1003 3048 1293 3136 vivere,
1334 3070 1483 3124 nec
1509 3046 1763 3123 valere
1812 3047 2129 3147 possint,
2174 3045 2397 3124 illurn
2446 3047 2561 3126 bo-

627 3157 838 3241 numj‚
888 3146 1052 3238 vel,
1106 3144 1174 3221 st·
1218 3151 1476 3250 magis
1525 3146 1815 3248 placet,
1856 3167 2113 3248 purum
2165 3151 2563 3250 appellare

627 3244 895 3336 liceat,
945 3245 1194 3322 donec
1260 3247 1608 3343 ejiusd'em
1683 3248 1981 3327 indoles
2053 3249 2565 3354 dephlogisti·

627 3365 792 3422 cata
860 3343 1192 3424 indubiis
1251 3347 1509 3424 evicta
1558 3346 1787 3426 fuerit
1832 3351 2301 3440 rationibus,
2350 3355 2565 3430 fimi·
2635 3403 2636 3442 r

627 3447 945 3544 literque
993 3448 1383 3542 vitiatum,
1453 3453 1583 3546 qui
1662 3453 1901 3554 vulgo
1969 3453 2567 3560 phlogisticatus
2634 3453 2636 3539 l

625 3545 860 3638 audit,
910 3569 1087 3620 nam
1139 3543 1362 3623 forte'
1400 3553 1651 3648 potius
1702 3554 1987 3656 inopia,
2036 3580 2266 3657 quam
2314 3557 2565 3634 abun-

627 3648 884 3726 dantia
935 3645 1304 3752 phlogisti
1355 3663 1606 3734 nocet.
1942 3671 1973 3704 ’-

2420 3825 2565 3904 Lt-
