2760 4749
671 295 799 395 De
832 302 1042 405 calce
1082 309 1276 395 auri
1296 302 1834 419 fulminante.
2055 330 2210 421 159

1098 516 1167 623 §·
1222 520 1438 602 xlv.

666 670 1125 791 Explicatio
1201 672 1809 765 fulminationis.
1929 748 1946 757 -

458 834 577 911 Ex
646 836 1007 915 haE'tenus
1081 838 1317 918 allatis
1374 838 1922 940 experimentis
1989 834 2210 915 facile

288 935 793 1039 perspicitur,
844 936 1052 1039 quod
1085 943 1384 1021 acidum
1427 939 1897 1018 vitriolicum
1940 940 2020 1017 &
2049 965 2207 1015 mu·

294 1041 675 1131 riaticum,
740 1065 900 1116 non
957 1040 1205 1118 minus
1263 1064 1348 1118 ac
1401 1039 1806 1135 nitrosum,
1857 1040 2206 1117 fulmina-

292 1140 492 1215 tioni
547 1140 851 1217 faveant
896 1138 993 1243 (§.
1050 1144 1225 1225 DQ:
1310 1142 1520 1241 quod
1593 1163 1846 1218 tamen
1931 1140 2208 1217 horum

292 1263 695 1334 neutrum,
750 1240 881 1319 nifi
918 1262 999 1319 ut
1031 1243 1330 1322 solvens
1378 1245 1459 1322 &
1517 1265 1906 1321 attenuans
1957 1242 2041 1320 fit
2075 1266 2211 1317 ne-

294 1340 691 1423 cetrarium
737 1343 831 1441 (§.
880 1344 1048 1443 X1);
1094 1346 1590 1444 tandemque,
1641 1344 1845 1442 quod
1898 1342 2049 1419 fine
2111 1344 2209 1418 al·

294 1437 459 1519 kali
511 1444 802 1521 volatili
844 1446 1049 1522 nulla
1101 1446 1383 1524 oriatur
1425 1447 1852 1523 fulminatio
1895 1446 1988 1545 (§.
2026 1446 2203 1543 XI),

350 1544 661 1621 uaeritur
700 1546 949 1645 itaque
998 1546 1200 1645 jam,
1272 1550 1666 1649 quomodo
1735 1546 1906 1621 heic
1972 1543 2203 1649 agat?

292 1571 524 1747 ἓζιιεε,
577 1668 668 1725 ex
729 1644 1041 1725 erienria
1074 1646 1315 1743 duce,
1358 1650 1512 1749 jam
1560 1645 2012 1747 responderi
2035 1671 2207 1749 pos·

290 1746 505 1842 sunt,
564 1746 658 1823 ad
699 1771 866 1825 erre
924 1750 1159 1828 liceat.

447 1893 557 1997 A)
614 1893 733 1977 Ex
785 1896 947 2002 ipsa
990 1898 1103 1980 rei
1150 1920 1418 1991 natura
1451 1919 1694 2001 patet,
1731 1920 2021 1975 tantum
2057 1895 2226 1975 fra-'

294 2021 619 2104 gorem,
678 2018 1111 2101 'tantamque
1160 2002 1727 2103 explosonem‚
1772 2023 1933 2087 non
1990 1998 2204 2101 poffe

293 2098 713 2203 provocari
765 2096 921 2180 fine
968 2102 1314 2203 copiosa,
1513 2102 1744 2179 subita
1802 2099 2017 2178 fluidi
2077 2126 2206 2179 cu·

283 2202 586 2303 ,jusdam
638 2201 909 2279 elastici
962 2207 1406 2306 eruptione,
1453 2203 1918 2279 ambientem
1951 2212 2205 2280 aerem

294 2302 696 2406 vulgarem
747 2302 1127 2382 violenter
1196 2304 1520 2382 feriente
1521 2355 1562 2400 2
1619 2303 1698 2381 &
1773 2304 1924 2380 hoc
1976 2305 2205 2380 etiam

292 2405 431 2482 sub
484 2400 1009 2484 fulminatione
1046 2406 1215 2483 fieri
1266 2428 1487 2482 antea
1553 2407 2054 2484 indicavimus
2111 2402 2202 2504 (§.

294 2507 464 2599 111,
512 2506 628 2606 G).
730 2505 842 2585 Ut
886 2530 1135 2585 autem
1208 2506 1677 2609 intelligatur
1732 2505 1999 2582 melius
2038 2503 2205 2578 haec

292 2613 643 2710 operatio
669 2661 693 2700 ‚
744 2608 1053 2687 seorfim
1091 2607 1662 2695 confiderentur
1695 2624 2009 2706 oportet
2036 2629 2205 2707 par-

288 2711 407 2786 'tes
442 2712 603 2786 auri
638 2707 1104 2788 fulminantis
1134 2708 1693 2802 constituenteS,
1723 2703 1953 2785 alkali
1987 2721 2201 2786 ne'm-

292 2835 393 2912 pe
446 2811 757 2887 volatile
808 2809 891 2886 ὅτ,
936 2811 1102 2888 calx
1150 2813 1333 2895 auri.

443 2983 558 3080 B)
613 2987 849 3087 QJoD
902 2979 1119 3059 alkali
1184 2975 1497 3061 volatile
1565 2980 1644 3054 in
1701 2975 1860 3058 finu
1939 2972 2202 3055 foveat

184 3147 193 3156 -
292 3088 598 3191 semper
648 3085 1134 3192 phlogiston‚
1188 3079 1520 3156 dubitari
1569 3082 1851 3180 nequit,
1965 3080 2078 3155 Ut
2135 3103 2234 3155 aa
2311 3162 2321 3170 ,

290 3190 394 3268 lia
447 3211 743 3268 taceam
796 3188 1139 3275 miter-ia,
1215 3181 1791 3259 detonationem
1858 3205 2031 3258 cum
2083 3183 2203 3261 ni·

294 3314 421 3368 tro
472 3287 923 3369 'memorass'e
972 3284 1301 3376 sufficiat.
1405 3282 1588 3359 Hoc
1621 3304 1878 3360 tamen
1914 3281 2206 3358 inflam-

292 3394 576 3469 mabile
629 3389 1096 3494 principium
1152 3408 1302 3487 ope
1353 3380 1762 3461 fortiorum
1830 3383 2237 3461 attraffio-.

278 3519 485 3570 num
545 3491 875 3595 separari
915 3487 1201 3591 potest,
1262 3507 1508 3583 eoque
1559 3485 1729 3587 ipso
1784 3485 2004 3565 alkali
2070 3510 2206 3562 vo·

292 3594 501 3672 latile
548 3593 946 3671 destruitur
988 3590 1069 3670 ὃς
1118 3585 1492 3665 residuum
1559 3587 1638 3663 in
1687 3610 1948 3664 auram
2013 3607 2203 3660 mox

296 3693 709 3777 resolvitur
753 3691 1125 3777 clasticam
1153 3743 1176 3782 ‚
1234 3688 1340 3764 illi
1397 3691 1719 3765 omnino
1766 3709 2204 3790 congruen-

2044 3807 2209 3862 tem
