2760 4749
666 320 782 413 66
1118 316 1248 409 De
1300 312 1559 439 lapide
1617 314 2158 440 hydropbano.

672 552 864 633 qua,
912 532 1141 610 etiam
1190 532 1420 613 instar
1471 529 1805 639 crystalli
1855 530 2090 629 clara,
2139 531 2234 615 ad
2292 534 2572 615 ficcum

670 654 1054 735 vaporans
1109 634 1484 713 refiduum
1536 637 1827 738 praebet
1871 637 2238 715 terrestre.
2362 638 2576 715 Dum

670 737 699 815 i
761 738 904 811 'tur
958 758 1148 834 aqua
1198 736 1512 815 admiss'a
1590 738 2053 838 pedetentim
2119 738 2578 840 vaporando

729 835 1057 938 iffipatur
1088 886 1110 929 ,
1203 857 1460 915 tamen
1523 836 1744 915 restat
1817 839 2274 939 quidquam,
2361 838 2579 939 quod

666 940 1030 1027 ,tenuitate
1068 934 1194 1013 diu
1229 939 1516 1016 nullum
1537 942 1738 1039 parit
1779 939 2043 1015 lumini
2082 939 2579 1031 obstaculum,

671 1039 1122 1142 operatione
1193 1058 1446 1116 autern
1525 1040 1800 1116 crebro
1878 1043 2196 1139 repetita
2260 1039 2578 1117 tandem

673 1132 1011 1219 sensibile
1061 1136 1227 1215 fieri
1275 1132 1552 1239 potest,
1599 1139 1812 1217 facile
1861 1139 2356 1217 auferendum
2429 1142 2579 1215 aci-

672 1240 837 1334 dia,
888 1238 941 1315 fi
998 1239 1331 1317 calcarea
1378 1242 1654 1343 gaudet
1717 1240 2020 1336 indole,
2102 1243 2210 1316 uti
2277 1240 2580 1341 saepiffi·

668 1366 798 1419 me
852 1335 1146 1417 accidit.
1220 1334 1484 1441 ‘Haud
1537 1366 1660 1419 me
1713 1335 1949 1443 fugit,
2025 1341 2232 1441 quod
2298 1340 2582 1417 tinctu-

670 1467 928 1519 rarum
985 1441 1367 1543 particulae
1413 1440 1861 1535 ,colorantes
1925 1443 2374 1543 plerumque
2447 1465 2582 1518 ex-

671 1542 1067 1619 cludantur
1105 1599 1130 1636 ‚
1224 1544 1594 1645 quamvis
1667 1540 2016 1619 vehicula
2117 1564 2584 1643 penetrent,

670 1643 805 1729 sed
856 1664 1066 1744 aeque
1120 1664 1386 1719 notum
1437 1639 1542 1718 est
1610 1640 1928 1719 alkalina
1990 1644 2287 1735 lixivia,
2364 1640 2584 1720 ideo·

670 1764 819 1846 que
904 1746 1133 1821 etiam
1202 1743 1586 1841 calcarea,
1672 1742 1958 1844 aliaque
2028 1763 2214 1821 vere
2279 1736 2525 1821 soluta
2557 1792 2584 1838 ,

671 1866 981 1923 intrare.

819 1980 1073 2061 Aemo
1128 1975 1416 2058 vitrioli
1507 1998 1993 2061 concentrato
2060 1973 2326 2058 itidem
2407 1998 2582 2083 pet·

668 2078 1133 2161 luciditatem
1212 2083 1544 2183 adquirit
1613 2086 1839 2185 Lapis
1875 2138 1898 2177 ,
1979 2081 2110 2158 sed
2159 2083 2582 2158 interdum

674 2184 892 2260 color
942 2181 1315 2275 fuscatur,
1380 2208 1606 2261 acore
1675 2205 2114 2267 remanente
2163 2182 2264 2260 δι’
2298 2184 2382 2258 in
2439 2208 2582 2283 po·

669 2287 774 2365 ris
820 2277 1321 2379 fuscescente,
1400 2282 1606 2384 quod
1679 2304 1935 2361 tamen
2007 2282 2221 2361 alkali
2299 2280 2586 2361 iterum

673 2385 912 2463 deleri
997 2382 1265 2486 potest.
1320 2433 1325 2438 -
1405 2386 1740 2461 Acidum
1807 2406 2055 2462 autem
2121 2383 2303 2460 nitri
2349 2384 2586 2462 valde

672 2480 1305 2590 dephlegmatum
1358 2479 1644 2561 ferrum
1681 2485 1952 2586 Lapidi
2003 2482 2386 2564 inhaerens
2423 2483 2588 2587 ple·

668 2609 989 2688 rumque
1044 2589 1287 2692 magis
1340 2584 1730 2690 phlogisto
1781 2590 2082 2687 privat,
2131 2606 2358 2684 quarn
2437 2585 2585 2664 sol·

672 2690 790 2764 vit
819 2741 841 2778 ‚
892 2689 973 2762 &
1027 2688 1177 2762 hoc
1221 2688 1457 2764 modo
1498 2713 1645 2787 pro
1693 2709 1773 2762 re
1814 2708 1987 2761 nata
2021 2685 2428 2762 flavedinis
2450 2713 2587 2764 va-

670 2784 833 2862 rios
884 2805 1238 2884 procreat
1294 2788 1594 2890 gradus,
1697 2785 2100 2870 Ceterum,
2156 2808 2393 2885 quum
2442 2789 2590 2864 aci·

674 2879 785 2972 da
822 2885 1202 2962 menstrua
1246 2904 1400 2962 tam
1457 2884 1878 2990 argillacei,
1925 2911 2152 2985 quam
2207 2888 2588 2966 martialis

674 2977 1232 3083 portiunculam
1307 2988 1706 3065 extrahere
1775 3008 2052 3088 queant
2124 2981 2216 3088 (§.
2269 2986 2382 3078 11,
2435 2989 2588 3081 Ε),

674 3074 967 3157 nullum
1047 3081 1173 3160 est·
1235 3083 1550 3166 dubium
1583 3138 1606 3178 ‚
1690 3093 1874 3188 quin
1967 3086 2158 3188 saepe
2228 3085 2590 3189 usurpata

672 3173 944 3256 senfim
1000 3202 1296 3259 mutent
1351 3186 1682 3284 paullum
1751 3210 2228 3290 compagem.
2351 3189 2590 3288 Aqua

671 3277 953 3358 tardius
998 3282 1231 3360 intrat
1276 3287 1526 3384 prima
1573 3289 1743 3365 vice
1769 3337 1793 3381 ,
1847 3313 2070 3388 quam
2137 3284 2308 3388 post
2374 3288 2592 3365 lava·

669 3395 796 3451 tos
922 3383 1149 3457 luries
1208 3402 1494 3462 meatus
1572 3384 1938 3466 internos.
2057 3389 2261 3464 Fieri
2323 3390 2592 3490 itaque

669 3495 856 3577 pote
941 3536 968 3573 ,
1018 3500 1101 3554 ut
1152 3479 1423 3584 Lapis,
1525 3488 1602 3562 ui
1652 3512 1920 3588 aquam
1977 3489 2201 3564 initio
2264 3490 2406 3565 vix
2454 3491 2592 3568 ad-

670 3577 950 3670 mittit,
1002 3577 1183 3675 justa
1228 3584 1312 3658 in
1364 3510 1598 3661 acidis
1647 3611 1911 3681 mora,
1957 3587 2143 3666 dein
2193 3591 2448 3692 magis
2509 3615 2592 3668 a·

670 3695 891 3854 Reii?
922 3677 1023 3794 3&
1074 3679 1378 3760 dilatata
1438 3684 1774 3786 praebeat
1838 3687 2395 3770 molecularum
2472 3691 2596 3868 igli-

752 3800 793 3854 1·
856 3798 1011 3858 itia.
2437 3815 2480 3870 ε
2561 3836 2592 3851 -
