2760 4749
627 328 792 425 408
857 316 978 399 De
1009 312 1525 401 minerarum
1556 306 1967 415 Docimasi
1968 336 2017 395 a
2047 306 2433 401 humida.

622 526 694 601 la
798 521 908 601 ost
956 524 1293 601 ultimam
1343 520 1673 599 additam
1720 524 2159 625 portionem
2225 546 2375 627 per
2438 522 2567 600 se·
2711 512 2712 539 ¹

623 550 1008 706 migoram
1065 624 1451 701 intenfiori
1497 622 1939 726 digestionis
1988 624 2217 699 calori
2298 649 2569 725 expo·

627 751 846 805 natur
878 782 902 818 ,
955 724 1298 828 saepeque
1340 724 1611 801 bacillo
1666 718 1927 831 ligneo
1982 724 2210 801 massa
2286 728 2565 829 agite-

622 852 768 906 tur.
869 828 952 903 Si
1018 827 1269 927 liquor
1349 828 1671 903 nimium
1744 825 2267 919 contrahitur,
2338 852 2558 925 aqua

624 928 926 1007 fervida
977 926 1312 1005 defestus
1343 926 1793 1029 suppleatur.
1850 927 2205 1003 Tandem
2230 982 2253 1021 ‚
2284 950 2554 1005 trans-

625 1051 849 1107 eunte
896 1031 1167 1107 lixivio
1204 1028 1458 1118 claro,
1514 1030 1593 1104 in
1644 1028 1848 1105 filtro
1938 1052 2033 1129 ap
2098 1053 2323 1107 raceo
2376 1031 2551 1105 col-

567 1126 584 1149 ⁶
615 1134 894 1234 ligatur
943 1128 1310 1207 residuum
1333 1158 1362 1222 ,·
1406 1129 1613 1227 quod
1660 1054 1987 1205 fervida
2047 1130 2281 1205 enfim
2332 1132 2553 1207 elua-

621 1253 800 1323 tur,
841 1230 1092 1307 donec
1141 1253 1373 1309 omne
1408 1230 1723 1307 solubile
1771 1227 2121 1315 amiserit.
2230 1230 2551 1331 Opera·

616 1334 826 1409 tione
887 1335 1029 1408 rire
1079 1328 1413 1432 peraeta,
1458 1332 1710 1431 liquor
1734 1330 1977 1407 clarus
2024 1330 2543 1429 quadrantem

619 1436 1004 1539 integrum
1065 1432 1333 1523 efficit,
1386 1455 1427 1509 e
1480 1430 1691 1507 fusco
1734 1432 1972 1508 flavus
2023 1433 2105 1509 δι
2161 1435 2265 1507 ita
2318 1431 2543 1511 satia-

622 1557 780 1625 tua,
829 1556 910 1609 ut
969 1558 1066 1611 eo
1127 1556 1465 1635 papyrus
1532 1532 2030 1609 fernambuco
2098 1532 2327 1609 rubra
2396 1558 2543 1611 ne·

621 1658 990 1735 quaquam
1048 1633 1494 1715 caerulescat.
1545 1634 1754 1709 Hinc
1800 1633 2011 1709 acida
2051 1656 2317 1709 natura
2348 1634 2541 1711 huic

623 1737 1005 1839 principio
1065 1736 1480 1830 coloranti,
1542 1734 1870 1811 alkalino
1947 1733 2078 1810 sali
2150 1735 2537 1826 adunam,

621 1862 794 1914 com
857 1860 1054 1913 etere
1099 1834 1527 1929 videretur,
1573 1833 1698 1927 sed
1754 1834 2156 1912 caeruleum
2226 1836 2537 1915 Beroli-

620 1960 770 2013 nen
804 1959 884 2029 e,
945 1936 1230 2035 aliaque
1284 1936 1442 2033 ejus
1494 1936 1775 2013 indolis
1889 1939 2299 2036 raecipitata
2364 1963 2533 2015 me-

618 2038 904 2130 tallica,
952 2037 1228 2113 eodem
1282 2036 1525 2129 faeta,
1598 2040 1679 2113 in
1728 2037 1823 2115 de
1888 2038 2263 2133 illatione,
2332 2065 2529 2139 prae·

621 2158 737 2231 ter
813 2137 1226 2237 quidquam
1317 2138 1857 2241 pinguediniS,
1921 2136 2150 2215 alkali
2210 2140 2527 2218 volatile

619 2238 919 2342 semper
964 2240 1372 2341 porrigunt
1427 2236 1879 2317 distinstum.

765 2393 1144 2478 Laurum
1200 2393 1511 2470 materia
1558 2393 1811 2470 colora
1871 2412 1945 2468 re
1982 2390 2322 2468 satiatum
2366 2395 2521 2470 exi-

621 2519 848 2597 guam
892 2495 1140 2568 etiam
1221 2496 1567 2570 continet
1632 2517 1779 2568 caer
1833 2493 1929 2568 lei
2008 2493 2539 2570 Berolinenfis·

615 2596 900 2698 integri
929 2597 1369 2694 portionem
1394 2650 1415 2684 ,
1458 2621 1508 2691 4
1546 2595 1857 2671 circiter·
1882 2593 2106 2670 libras
2147 2618 2296 2694 pro
2336 2621 2519 2694 quo·

612 2699 733 2772 vis
791 2699 1227 2778 centenario
1281 2695 1439 2770 salis
1497 2695 1841 2787 alkalini‚
1889 2719 2055 2794 quae
2105 2695 2517 2771 advenien-

612 2819 687 2874 te
735 2796 952 2872 acido
1001 2795 1517 2872 secernuntur.
1602 2797 1749 2873 Hae
1802 2817 2019 2872 antea
2068 2793 2510 2896 separentur

611 2918 923 2997 oportet
953 2950 972 2988 ,
1030 2897 1150 2972 vel
1203 2899 1409 2998 quod
1445 2895 1791 2997 praestat,
1844 2899 2314 2999 corrigatur,
2362 2924 2508 2997 pro

611 3001 886 3100 quovis
936 2995 1348 3094 quadrante
1393 2999 1636 3096 lixivii
1672 3023 1717 3074 e
1758 2996 2507 3099 pondere-sedimen-

609 3105 664 3174 ti
728 3105 814 3173 16
878 3097 1393 3175 subtrahendo
1444 3099 1667 3179 libras
1716 3100 2248 3176 doci‘masticaS.
2358 3100 2508 3178 Ubi

608 3197 704 3270 de
755 3197 1103 3273 distine'oe
1155 3197 1596 3300 praecipitati
1650 3200 1908 3276 colore
1968 3201 2263 3291 aeritur,
2341 3202 2507 3275 lixi..

608 3298 821 3373 vium
890 3297 1338 3373 adhibeatur
1408 3299 1829 3377 necessario
1874 3269 2119 3400 prosse
2191 3299 2507 3401 depura-

429 3411 438 3419 “
551 3410 555 3414 “
607 3420 790 3474 tum.
851 3395 1005 3495 Qii
1067 3395 1262 3471 hanc
1315 3399 1715 3518 negligunt
1753 3406 2224 3490 cautionem,
2266 3405 2507 3502 quod..

607 3499 793 3574 libet
852 3496 1595 3598 metallum³‚slixiv1o
1650 3502 1909 3578 nostro
1948 3501 2453 3578 “deturbatum
2484 3559 2505 3597 ‚

609 3598 1009 3680 caeruleum
1065 3599 1273 3702 poss'e
1320 3600 1635 3678 induere
1706 3603 2047 3679 colorem
2105 3601 2323 3680 facile
2372 3604 2507 3690 fibi

606 3699 1085 3805 persvadent.
1138 3746 1144 3752 ·
1191 3703 1284 3778 81·
1317 3707 1570 3799 autem
1600 3703 1922 3806 ‘pondus
1977 3705 2505 3784 tantummodo

1482 3843 1491 3862 ι
2310 3832 2499 3906 quae-
