2760 4749
845 363 968 455 De
1022 361 1389 456 Nice-olo,
1925 399 2088 487 257

188 575 621 659 volutiones
672 601 827 656 non
898 579 1239 671 cobalto,
1302 577 1432 656 sed
1505 581 1888 684 magnesio
1945 584 2097 664 effe

188 677 719 758 adscribendas
748 738 769 770 ,
812 667 1021 779 quod
1076 705 1260 758 mox
1298 681 1740 760 luculentius
1775 687 2093 764 demon-

184 783 581 861 strabimus
636 780 726 880 (§.
763 783 987 884 XII),
1041 784 1122 858 in
1186 785 1407 884 praxi
1464 805 1713 860 tamen
1770 787 2096 863 molesti·

188 909 309 960 am
360 886 558 984 parit
592 881 789 958 haud
830 883 1176 986 exiguam
1215 884 1664 961 eorumdem
1701 885 2096 988 separatio.

188 984 490 1063 Scilicet
521 985 639 1059 hae
690 984 1068 1082 reliquiae,
1122 986 1326 1062 nitro
1358 990 1788 1080 extricatae,
1847 985 2098 1089 ipsum
2184 1074 2188 1079 ,

186 1084 612 1176 niccolum,
662 1085 878 1184 quod·
924 1086 1065 1161 hac
1116 1091 1562 1186 operatione
1621 1095 1952 1168 maxime
2007 1087 2098 1165 fit

184 1185 232 1263 s
272 1185 717 1287 ongiosum‚
770 1187 853 1262 in
918 1185 1313 1282 superficie
1380 1189 1904 1283 circumdant,
1987 1190 2100 1265 ei-

244 1311 515 1385 emque
563 1287 1051 1387 pertinaciter
1105 1289 1536 1380 adhaerent,
1589 1290 1780 1366 adeo
1825 1313 1905 1367 ut
1938 1313 2098 1366 me·-

186 1389 501 1466 chanice
532 1413 691 1464 non
724 1387 997 1489 poffint
1024 1386 1316 1467 secerni
1355 1391 1436 1466 ἃ,
1463 1393 1858 1492 aegerrime
1889 1415 2100 1468 men-

182 1490 439 1584 struiS,
492 1514 666 1564 cum
721 1489 985 1566 eadem
1038 1511 1438 1590 utramque
1496 1492 1795 1568 solvant
1861 1513 2098 1568 mate·

184 1597 375 1669 riam
405 1618 430 1687 3
483 1593 665 1693 igne
714 1613 1080 1693 praeterea
1144 1591 1357 1668 fimul
1419 1592 1688 1669 scorias
1763 1597 2100 1684 intrant,

186 1692 450 1770 saltem
508 1691 700 1770 adeo
774 1717 1019 1795 parva
1090 1693 1245 1770 hoc
1299 1691 1640 1796 respeciu
1698 1694 2094 1772 observari

185 1796 439 1896 potuit
471 1791 953 1910 differentia?
983 1815 1064 1869 ut
1088 1847 1109 1886 ,
1163 1792 1299 1871 nist
1334 1798 1762 1896 operationi
1817 1799 2096 1873 ino-ens

186 1896 619 1994 subjiciatur
675 1915 1083 1994 quantitas,
1138 1921 1313 1972 cum
1365 1897 1669 1974 cobalto
1731 1864 1954 1975 ίὶιῐιιιῗ
2007 1921 2101 1988 ou,

184 2022 371 2077 mne
417 1993 811 2073 evanescat
864 1995 1267 2074 niccolum,

346 2147 467 2226 EN
522 2149 755 2252 igitur
802 2146 1074 2242 ferrum
1114 2137 1357 2227 solu-m
1408 2149 1736 2240 restans,
1791 2149 1873 2229 δε
1927 2151 2102 2253 ejus

188 2252 685 2352 quantitatem
762 2249 957 2326 ultra
1028 2274 1277 2328 certos
1343 2253 1618 2329 limites
1671 2254 2101 2330 diminuere

186 2380 351 2431 non
399 2353 805 2453 potuimus·
890 2348 1246 2451 Ejusdem
1274 2351 1750 2454 praesentiam
1782 2376 2098 2455 magnes

186 2454 550 2533 facillime
600 2454 903 2557 prodit,
962 2453 1043 2532 &
1094 2480 1253 2531 non
1312 2477 1602 2531 tantum
1676 2456 1918 2559 reguli
1984 2455 2098 2530 di·

186 2554 619 2635 verfimode
662 2556 847 2631 torti
916 2553 1163 2633 eidem
1225 2554 1574 2632 lubenter
1655 2558 2106 2654 adhaerent,

183 2654 320 2736 sed
378 2654 725 2734 nonnulli
773 2656 996 2735 etiam
1050 2656 1194 2758 ipfi.
1264 2660 1773 2761 magneticam
1835 2656 2102 2757 adqui-

190 2782 377 2839 runt
423 2758 859 2834 facultatem
914 2758 1007 2859 (ς.
1058 2762 1179 2849 V,
1230 2758 1368 2856 G),
1423 2756 1632 2858 quod
1694 2756 2102 2837 observatu

184 2862 293 2938 est
359 2857 895 2965 digniffimum.
1002 2862 1365 2937 Ceterum
1420 2860 1778 2937 tenacitas
1844 2860 1924 2936 &
1980 2858 2103 2937 fu-

182 2963 413 3041 sionis
468 2960 904 3054 difficulta8‚
976 2987 1141 3061 quae
1178 3014 1182 3021 -
1226 2984 1323 3039 eo
1391 2963 1636 3065 magis
1703 2962 2108 3057 crescunt,·

184 3090 344 3165 quo
406 3085 795 3163 torquetur
850 3061 1227 3144 niccolum
1286 3062 1606 3158 diutius,
1658 3064 1954 3141 abunde
1993 3085 2102 3140 te-

180 3166 616 3243 stantur-de
664 3161 1081 3266 separando
1131 3166 1341 3242 ferro
1386 3166 1522 3242 vix
1569 3165 1792 3241 ullam
1848 3168 2106 3267 Iuper-

182 3266 341 3347 effe
394 3265 629 3371 spem.
738 3268 917 3343 Nec
978 3270 1209 3369 igitur
1281 3266 1907 3367 scorificationes‚
1961 3266 2108 3344 nec

180 3368 290 3449 sal
349 3370 862 3446 ammoniacus
896 3370 986 3471 (§.
1020 3366 1280 3469 VIII),
1308 3386 1452 3454 nec
1480 3372 1758 3445 nitrum
1797 3369 2110 3471 (§.V11),

178 3472 432 3575 (quod
470 3471 706 3564 alias,
764 3468 945 3548 teste
1021 3472 1463 3572 JUNcKERQ
1552 3469 1844 3548 ferrum
1911 3468 2110 3547 adeo

182 3571 598 3651 efficaciter
652 3572 1148 3677 adgreditur,
1214 3595 1296 3651 ut
1353 3598 1396 3649 e
1468 3571 1834 3649 limaturae
1908 3596 2108 3647 mar-

180 3679 285 3751 tis
343 3674 583 3767 libra,
638 3696 811 3750 cum
861 3675 1127 3777 aequali
1160 3672 1377 3752 ‘nitri
1430 3674 1837 3775 quantitate
1912 3675 2107 3747 mix-

182 3798 303 3869 ta,
363 3770 533 3877 post
582 3775 1200 3867 detonationem,
1271 3772 1644 3859 fufionem
1728 3774 1810 3855 δε
1873 3770 2109 3859 elixa-t

247 3900 521 3988 ffirgm.
540 3896 742 3986 opusc.
766 3896 893 3967 Vae.
915 3894 1001 3961 ιι.
1138 3876 1215 3957 R
1473 3964 1482 3983 ,
1964 3876 2109 3952 tio-
