2760 4749
300 395 425 490 De
463 401 970 490 minerarum
1001 391 1451 506 Docimafia
1487 399 1847 491 humida.
1908 430 2010 514 43
2026 429 2081 514 3,

182 615 724 692 examinatum.
822 611 1020 690 Cum
1072 612 1289 692 acido
1332 617 1721 698 muriatico
1755 613 2079 694 odorem

181 711 472 817 spargit
522 708 987 813 hepaticum,
1040 717 1246 815 quod
1304 714 1503 794 haud
1566 715 1879 792 obscure
1946 716 2079 793 sul·

183 817 505 918 phuriS,
546 813 904 915 phlogisti
941 815 1018 890 &
1060 820 1395 892 materiae
1442 816 1836 893 calorificae
1889 841 2080 916 prae·

187 917 511 994 sentiam
547 915 850 1006 indicat,
898 914 1047 991 fine
1093 918 1360 1014 quibus
1412 916 1574 992 talis
1627 941 1784 991 non
1841 918 2123 993 oritur·

183 1017 418 1092 odor.
525 1016 927 1091 Materiam
1021 1015 1326 1116 quidem
1419 1016 1690 1094 caloris
1766 1014 2088 1090 metallis

188 1117 330 1195 sub
381 1109 664 1192 fusione
719 1135 814 1190 ex
867 1119 1044 1224 igne
1102 1117 1385 1193 hauriri
1434 1141 1623 1194 vero
1677 1115 1779 1193 est
1812 1115 2089 1207 fimile,

191 1242 356 1294 non
406 1238 656 1293 tamen
706 1215 892 1298 ideo
943 1215 1240 1292 firmam
1311 1216 1459 1294 ess‘e
1526 1216 2090 1293 conclufionem
2214 1237 2225 1246 ⁸

185 1317 619 1406 credimuS,
687 1314 894 1414 quod
974 1341 1204 1393 omne
1279 1320 1421 1395 hac
1507 1318 1863 1412 dotatum,
1925 1319 2097 1419 igni

185 1419 424 1495 fuerit
477 1415 913 1518 expolitum.
1018 1417 1115 1493 Et
1187 1421 1472 1518 polito,
1534 1417 1743 1517 quod
1806 1417 2094 1494 ferrum

189 1519 593 1596 fibericum
643 1515 1012 1619 fullonem
1063 1515 1416 1610 subierit,
1468 1521 1647 1596 inde
1676 1541 1933 1592 tamen
1984 1531 2095 1592 tu-‘

190 1643 284 1696 to
338 1619 703 1720 colligere
754 1642 914 1696 non
960 1617 1170 1710 licet,
1226 1618 1431 1718 quod
1486 1621 1647 1694 haec'
1720 1620 1901 1693 artis
1970 1640 2099 1693 au<

193 1721 390 1798 xilio
455 1738 878 1820 provocata
949 1718 1194 1794 fuerit.
1311 1718 1460 1794 Sed
1513 1719 1674 1794 haec
1739 1715 2099 1795 rariffima

193 1823 426 1924 regni
473 1820 853 1896 minei-alis
891 1821 1201 1896 materia
1247 1818 1485 1923 digna
1513 1817 1641 1912 est,
1690 1843 1856 1936 quae
1892 1816 2101 1922 debi-

195 1944 279 1998 ta
333 1943 568 2026 opera
619 1918 925 1996 seorfim
977 1923 1464 1999 examinetur.

372 2073 717 2152 Mmmm
750 2067 1100 2150 ferriferae
1127 2096 1216 2150 ea
1245 2070 1661 2176 gaudentes
1693 2071 2113 2174 perfectio-2

199 2199 353 2267 ne,
403 2196 484 2250 ut
532 2173 872 2277 magneti
922 2172 1316 2266 obediant,
1353 2175 1433 2248 in
1466 2175 1729 2251 Svecia
1756 2173 2108 2272 frequen·

201 2301 328 2358 ter
394 2293 843 2374 occurrunt,
911 2275 1154 2350 immo
1196 2272 1607 2354 ¹interdum
1682 2276 2111 2379 magnetica
2184 2346 2191 2352 .

203 2384 490 2455 virtute
543 2376 814 2451 dotatae
864 2377 1395 2467 inveniuntur,
1453 2374 1583 2452 sed
1630 2376 1749 2452 hae
1822 2376 1905 2455 δι
1961 2399 2113 2476 qua

199 2476 619 2569 menstrua,
671 2475 752 2551 δι
805 2500 949 2572 qua
1000 2476 1174 2552 alias
1216 2480 1759 2576 proprietates,
1812 2500 1855 2551 a
1904 2474 2114 2553 ferro

203 2578 653 2671 discedunt,
705 2574 912 2675 quod
973 2577 1154 2677 igne
1225 2579 1609 2675 eliquatur.
1737 2576 2113 2668 Ferrum,

159 2678 423 2781 'quod
459 2680 694 2755 nativi
744 2676 1071 2753 euehitur
1105 2700 1436 2769 nomen,
1486 2678 1598 2753 fra
1661 2679 1755 2753 'le
1798 2677 2116 2775 quidem

203 2778 362 2857 ess'e
411 2774 697 2880 potest,
749 2802 926 2852 nam
987 2798 1140 2853 arte
1183 2776 1534 2855 edustum
1725 2779 2000 2854 malleo
2030 2802 2120 2854 o·

209 2880 534 2959 bediens
581 2876 776 2956 haud
837 2875 1237 2956 difficulter
1287 2876 1769 2980 fragilitate-m
1817 2894 2120 2956 eontra-

208 2986 376 3071 hit,
433 3004 506 3056 at
550 3004 727 3057 eum
775 2976 1162 3056 menstruis
1213 2980 1571 3057 eumdem
1636 2999 1838 3059 certe
1892 2978 2122 3074 habi-g

211 3108 379 3161 tum
427 3081 724 3159 servare
775 3080 1043 3175 debet,
1105 3104 1192 3157 ac
1242 3080 1504 3161 fusum.

373 3236 481 3332 Β)
563 3235 903 3313 ΜιΝειυε
992 3231 1395 3313 attrastiles
1461 3232 1550 3311 ἅ
1624 3232 2127 3329 τεῑτεᾶοτὶε,

213 3338 569 3443 quamvis
623 3334 979 3439 sulphure
1033 3357 1333 3413 careant
1406 3335 1821 3428 uberiore,
1884 3338 2129 3435 inqui·

219 3441 590 3517 namento
643 3459 894 3516 tamen
959 3438 1094 3513 vix
1147 3460 1509 3535 umquam
1575 3434 2073 3513 destituuntur
2100 3490 2129 3532 ,

215 3538 620 3622 menstruis
673 3540 919 3618 nihilo
972 3540 1218 3617 minus
1282 3561 1378 3615 ex
1433 3536 1578 3614 illis
1630 3537 1847 3637 hujus
1894 3560 2131 3615 mate·

209 3644 353 3723 r‘iae
407 3642 600 3716 nihil
645 3644 1011 3717 extricare
1051 3644 1456 3741 potuimus,
1632 3642 1642 3649 ’

309 3858 314 3865 .
383 3792 578 3893 QAE
657 3789 969 3893 fitlpbure
1038 3796 1319 3889 satz‘atae
1410 3789 1577 3871 sunt
1604 3847 1627 3889 ,
1696 3794 2131 3896 pyri-tarum

317 3908 542 3999 Bergm.
569 3912 764 3997 ορψ.
790 3908 912 3979 701.
937 3910 1022 3973 11.
1237 3892 1297 3971 F.
1345 3915 1393 3970 e
1998 3887 2133 3968 sul·
