2760 4749
538 374 660 463 De
726 376 941 463 Tubo
977 372 1697 489 ferruminatorio·
1953 402 2120 489 457

205 588 496 667 ambitu
543 588 963 668 contraite.
1064 591 1449 691 Apertura
1519 588 1851 692 paullum
1908 592 2120 667 coni-

202 716 297 766 ca
343 686 386 765 b
437 668 518 769 8(
577 695 656 766 in
707 690 972 769 tubere
1021 688 1266 767 solido
1310 690 1433 767 dd
1458 710 1861 781 excavata«,
1926 718 2122 767 mar·

204 794 390 895 gine
458 790 864 870 introrsum
935 794 1425 894 prominente
1506 792 1607 869 est
1683 792 2060 893 privanda
2092 844 2119 885 ,

202 916 308 969 ne
367 893 678 969 effluxus
725 894 1042 993 liquoris
1075 948 1098 988 ,
1173 894 1342 995 post
1410 895 1785 970 diutinum
1856 893 2121 969 flatum

201 992 541 1083 collecti,
603 996 726 1072 vel
760 1019 1250 1095 quaecumque
1304 998 1602 1091 interna
1650 994 2120 1093 purificatio,

202 1095 366 1172 ullo
424 1095 660 1173 modo
719 1095 1198 1196 impediatur.
1289 1094 1597 1175 Tubulus
1644 1096 1713 1173 C
1747 1118 2122 1197 perquam

200 1194 310 1273 est
362 1195 690 1290 subtilis,
742 1200 947 1293 cujus
987 1222 1162 1299 pars
1213 1198 1532 1276 brevior
1587 1198 1856 1274 conica
1900 1224 1990 1273 ee
2048 1219 2121 1272 a·

197 1300 630 1399 perturaef
681 1298 940 1375 exacte
1019 1299 1120 1375 est
1194 1298 1699 1391 intrudenda,
1770 1320 1857 1375 ut
1927 1299 2119 1375 aeris

201 1398 400 1476 nihil
449 1402 771 1477 omnino
809 1422 1027 1477 exeat
1054 1400 1188 1476 nifi
1221 1424 1362 1504 per
1414 1400 1787 1475 orificium
1822 1426 1903 1501 g.
1950 1399 2119 1474 Plu·

200 1524 330 1576 res
405 1500 642 1577 tubuli
716 1527 863 1602 qua
926 1502 1219 1578 orificia
1311 1500 1823 1602 discrepantes
1903 1524 2117 1600 para·

199 1604 358 1676 rari
420 1601 738 1697 debent,
792 1627 1114 1703 quorum
1171 1603 1546 1701 quispiam
1592 1626 1741 1699 pro
1810 1623 1892 1676 re
1946 1620 2120 1675 nata

200 1701 516 1805 eiigitur
575 1703 712 1778 fini
758 1702 1154 1804 propo‘fito
1224 1724 1461 1802 aptus.
1585 1699 1840 1801 Ipsum
1899 1698 2120 1775 oscil-

199 1805 360 1879 lum
409 1832 462 1901 g
511 1803 876 1879 circulare
923 1802 1010 1878 fit
1057 1823 1364 1904 oportet
1423 1802 1504 1879 &
1557 1802 1962 1901 aequabile,
2040 1825 2117 1875 a-

197 1905 492 2003 lioquin
569 1906 895 1979 flammae
967 1927 1204 1979 conus
1281 1905 1479 1979 infra
1578 1902 2117 1979 memorandus

200 2005 574 2082 dividitur
628 2004 737 2105 (§.
783 2004 944 2103 ΠΙ).
997 2004 1325 2107 Cingula
1359 2000 1509 2097 hh,
1560 2004 2133 2105 iiimpediunt,

197 2130 302 2183 ne
356 2109 548 2183 ultra
599 2106 919 2183 modum
993 2108 1245 2183 conici
1317 2104 1799 2191 intrudantur
1867 2108 2117 2206 apices

197 2235 350 2298 aa,
403 2232 528 2298 ee,
565 2210 698 2307 qui
745 2226 1114 2309 praeterea
1161 2207 1417 2283 attritu
1462 2208 1787 2306 repetito
1824 2208 1921 2280 ita
1965 2228 2117 2281 tan·

199 2310 380 2386 dem
433 2307 835 2400 diminuti,
869 2330 951 2384 ut
996 2307 1208 2386 facile
1259 2305 1685 2411 sponteque
1730 2304 2115 2400 excidant,

194 2411 616 2488 latitudinis
689 2412 1174 2514 cingulorum
1335 2409 1754 2484 ortiuncula
1846 2408 2116 2504 exesa,

197 2510 569 2611 superne,
620 2517 918 2611 quoties
956 2536 1146 2612 opus
1199 2437 1330 2605 este
1357 2508 1624 2610 justam
1662 2532 2115 2610 recuperare

195 2611 506 2716 poss'unt
559 2611 973 2689 crassitiem.
1109 2613 1390 2716 Figura
1462 2635 1724 2687 veram
1797 2611 2114 2686 exhibet

195 2713 857 2818 magnitudinem,
904 2713 1111 2814 quod
1165 2717 1395 2790 etiam
1421 2713 1517 2788 de
1552 2711 1857 2811 reliquis
1884 2712 2109 2790 valet.

1031 2887 1094 2992 §-
1145 2889 1281 2974 111.

181 3127 190 3134 ·
299 3003 836 3115 Quomodo
893 3009 1387 3145 inflandu}
1448 3011 1753 3098 tubus
1807 3006 1999 3099 fer>-

249 3157 268 3178 ’
757 3141 1521 3218 rumlnatoriuS.

361 3286 604 3388 Qum
677 3290 1040 3365 continue
1109 3309 1379 3365 ventus
1442 3285 1746 3366 effluere
1832 3285 2107 3363 debeat

195 3409 340 3490 per
385 3389 815 3482 orificium,
843 3389 1202 3489 quamdiu
1255 3385 1874 3490 'experimentum
1923 3412 2108 3490 pro-

193 3488 522 3592 pofitum
576 3492 937 3588 requirit,
989 3491 1118 3566 hic
1168 3491 1389 3567 labor
1437 3492 1845 3592 pulmones
1892 3489 2111 3563 nimi·

193 3615 328 3666 um
374 3588 765 3678 laceffiret,
815 3591 953 3667 nifi
988 3589 1201 3666 fimul
1227 3592 1625 3692 respiratio
1663 3591 2109 3666 continuare

193 3690 446 3794 posset
479 3690 860 3790 aequabilis
894 3693 976 3770 δι
1009 3715 1166 3767 non
1219 3695 1659 3793 interrupta.
1718 3691 1831 3766 Ut
1876 3692 2109 3790 igitur

189 3795 350 3878 fine
400 3790 900 3871 incommodo
954 3791 1304 3972 sussckedat
1357 3796 1743 3895 operatio,
1810 3792 1965 3868 hoc
2024 3814 2109 3865 o·

1205 3919 1241 3992 5
1920 3913 2108 3995 pus,
