2760 4749
600 317 762 404 282
1272 297 1399 390 De
1453 304 1857 418 Ars-inico.

594 518 865 592 mnino
912 514 1193 608 fimilis,
1251 537 1339 590 ac
1372 541 1546 594 cum
1597 513 1934 605 arsenico
1981 515 2182 607 albo,
2226 513 2503 616 prodit·

594 619 776 694 unio
828 615 916 718 (§.
977 617 1137 710 Vl,
1196 613 1315 718 B).

746 800 835 900 C)
882 799 1065 878 Cum
1120 799 1315 880 acido
1360 804 1657 898 adenici
1701 803 1892 882 sscco
1939 801 2042 906 (§.
2082 801 2203 898 V)
2273 823 2491 900 regu·

593 901 755 996 luS,
788 903 1269 982 destillationi
1320 903 1727 1004 subjectus,
1775 909 1979 1007 prius
2025 903 2492 993 sublimatur,

594 1027 821 1182 guam
853 1004 1061 1082 illum
1096 1001 1412 1104 adgredi
1454 1005 1694 1105 potest
1727 1006 2024 1084 acidum
2081 1024 2300 1079 antea
2337 1001 2494 1076 fun-

654 1105 975 1198 endum‚
1059 1103 1628 1182 semimetallum
1703 1131 1946 1184 autem
2015 1102 2235 1180 acido
2329 1101 2493 1178 fuso

595 1205 1254 1300 immiffum,mox
1286 1209 1724 1284 accenditur
1746 1211 1826 1286 δι
1859 1205 1994 1284 fuli
2055 1209 2258 1281 inem
2297 1203 2494 1305 spat-

598 1308 711 1410 git
762 1307 1029 1388 albam.
1132 1306 1431 1385 Scilicet
1483 1309 1826 1401 acidum,
1887 1308 1996 1424 ph
2028 1304 2278 1383 ooisto
2349 1305 2498 1406 pri·

596 1427 897 1500 vatum,
937 1407 1120 1486 illud
1172 1407 1341 1484 heic
1391 1409 1662 1514 regulo
1733 1413 1998 1509 eripit,
2061 1373 2347 1508 ffbique
2413 1429 2496 1480 ea

598 1513 1005 1608 quantitate
1070 1513 1546 1612 appropriat,
1631 1532 1712 1588 ut
1781 1509 2198 1588 arsenicum
2275 1530 2495 1609 rege-

598 1615 813 1688 neret
872 1611 1121 1688 album
1154 1667 1177 1704 ,
1216 1609 1674 1714 vicissimque
1714 1611 2078 1716 ·regulu5,
2127 1607 2495 1708 adjuvan·

503 1726 508 1731 “
596 1731 675 1788 te
725 1710 937 1790 fimul
988 1716 1213 1812 igne,
1266 1711 1786 1790 inflatum-abili
1833 1736 1925 1788 eo
1970 1733 2202 1809 usque
2272 1707 2496 1810 spoli-

598 1833 805 1906 etur,
851 1833 932 1892 ut
986 1813 1115 1892 sub
1166 1812 1431 1892 eadem
1480 1813 1800 1919 prodeat
1847 1811 2101 1892 forma
2145 1811 2396 1890 calciS.

768 1993 877 2093 D)
922 1995 1105 2073 Cum
1136 1991 1507 2092 sublimato
1550 1996 1875 2094 corrosiva
1915 1993 2219 2100 regulus
2269 1993 2352 2068 in
2379 1993 2499 2068 de·

597 2093 994 2176 stillatione
1057 2098 1416 2200 butyrum
1478 2097 1827 2190 fumans,
1898 2097 2226 2199 paullum
2300 2119 2500 2172 mer-

600 2199 789 2276 curii
846 2199 1080 2276 dulcis
1134 2197 1215 2276 ἃ.
1282 2197 1859 2302 hydrargyrum
1910 2221 2220 2275 currens
2279 2197 2496 2272 exhi-

599 2301 750 2379 bet.
852 2299 1028 2403 Ope
1080 2299 1400 2403 duplicis
1451 2300 1909 2379 attractionis
1979 2299 2149 2374 heic
2219 2299 2501 2400 princi-

598 2407 727 2507 pia
800 2424 1363 2480 commutantur
1440 2406 1818 2479 invicem:
1888 2401 2190 2505 regulus
2282 2397 2498 2477 suum

598 2502 1040 2607 phlogiston
1096 2503 1241 2579 bafi
1285 2504 1620 2605 porrigit
1673 2502 2044 2580 sublimati
2093 2501 2496 2589 corrofivi‚

599 2630 756 2707 quo
841 2606 1003 2683 hoec
1078 2628 1260 2683 vere
1333 2606 1690 2681 calcinata
1764 2607 1843 2679 in
1912 2601 2498 2710 hydrargyrum

598 2705 1017 2803 perfeetum
1068 2706 1488 2795 reducitur,
1537 2704 1830 2784 aeidum
1879 2726 2121 2783 autem
2156 2700 2320 2781 salis
2352 2702 2501 2780 cal·

598 2828 769 2885 cem
821 2805 1135 2887 arsenici
1196 2806 1517 2909 suscipit.

723 2988 849 3091 E)
903 2990 1271 3067 Raecium
1316 2989 1528 3067 facile
1570 2988 1797 3067 solvit
1835 2984 2172 3085 Sulpbur,
2217 2988 2300 3066 &
2331 2985 2501 3063 fun-

598 3087 901 3180 dendo,
956 3090 1035 3172 ὃς
1096 3088 1608 3181 sublimando,
1664 3088 2078 3189 compofita
2142 3088 2502 3189 praebens

594 3190 791 3271 flava
845 3190 965 3264 vel
1019 3190 1289 3281 rubra,
1362 3217 1510 3292 pro
1593 3191 1885 3269 diversa
1982 3194 2501 3291 proportione

597 3292 695 3390 (ᾗ.
753 3291 871 3379 X,
925 3290 1079 3383 Β),
1182 3288 1422 3387 Hepar
1493 3291 1839 3393 regulum
1927 3289 2276 3392 suscipit,
2364 3289 2502 3366 sed

593 3390 721 3473 bic
768 3387 958 3469 adeo
1012 3390 1177 3465 laxe
1234 3390 1480 3466 eidem
1539 3394 1915 3483 adhaeret,
1988 3414 2068 3467 ut
2135 3392 2228 3466 ab
2277 3395 2504 3469 omni

592 3494 741 3611 aiio
797 3490 1144 3585 metallo2
1198 3492 1405 3596 quod
1457 3490 1636 3574 illud
1685 3492 1931 3574 subire
1981 3492 2268 3599 potest,
2303 3518 2510 3600 prae*

593 3616 953 3705 clpttetur.

2257 3778 2322 3879 §·
2353 3778 2495 3854 Ν.
