2760 4749
669 328 842 441 '376
1031 322 1154 411 De
1181 321 1731 441 .Praecipitatis
1780 304 2235 411 Metallicis.

669 542 1017 614 nitratum
1043 596 1065 629 ,
1117 534 1542 641 hydrargyro
1584 536 1939 632 fitfhipitur
1964 590 1989 627 ,
2048 534 2272 611 acidis
2336 536 2573 635 igitur

670 664 806 714 non
851 639 1278 713 calcinatum
1295 692 1317 729 .,
1363 637 1481 737 fhd
1526 638 1926 737 completum
1977 634 2296 713 adbaeret.
2386 635 2491 723 N
2494 659 2575 709 o·

672 742 777 814 do
827 737 1202 815 solvendo
1254 764 1298 813 e
1353 738 1769 817 sublimiori
1826 739 2119 814 chemia
2198 735 2423 812 nullis
2504 758 2575 810 e·

668 864 938 943 gemus
983 840 1474 917 adminiculis,
1579 837 2068 915 Notissimum
2140 834 2294 923 est,
2364 835 2575 935 quod

669 939 840 1015 calx
902 944 1114 1041 cupri
1160 938 1393 1029 soluta
1454 938 1668 1015 acido
1714 940 2091 1015 vitriolico
2142 937 2399 1015 nihilo
2445 940 2575 1012 mi·

671 1066 811 1117 nus
867 1038 998 1116 sub
1040 1041 1286 1117 forma
1341 1041 1712 1116 metallica
1748 1038 2069 1134 decidat,
2100 1036 2377 1115 addito
2427 1038 2577 1113 fer-

669 1166 762 1217 ro
791 1194 810 1229 ‚
865 1141 1092 1241 idque
1133 1140 1413 1241 duplici
1466 1140 1907 1219 attrac'tione
1943 1195 1967 1230 ,
2014 1164 2191 1217 nam
2238 1138 2582 1234 ferrum,

669 1242 967 1317 acidum
1021 1239 1457 1332 subiturum,
1495 1240 1626 1319 suo
1730 1238 2052 1343 hlogisto
2102 1242 2579 1337 impediente

668 1352 924 1420 aerem
978 1341 1601 1417 inflammabilem
1687 1363 2021 1421 ormaret
2056 1394 2079 1434 ,
2116 1340 2260 1422 uifi
2304 1338 2581 1417 adeffet

670 1442 836 1517 calx
889 1445 1101 1543 cupri
1124 1499 1155 1541 ,
1210 1467 1375 1541 quae
1432 1440 1613 1517 illud
1674 1445 1940 1543 recipit
1998 1440 2077 1518 &
2141 1467 2247 1518 eo
2322 1444 2415 1517 fit
2479 1444 2579 1517 in-

667 1541 1044 1635 solubiliS,
1092 1542 1448 1642 quamdiu
1508 1545 1858 1620 nimirum
1916 1542 2095 1625 illud
2146 1542 2403 1619 restat.
2476 1544 2579 1623 Ex

671 1642 1132 1721 attrastionis
1179 1667 1423 1721 autem
1471 1644 1737 1723 tabulis
1786 1645 2026 1727 elucet
2060 1697 2082 1737 ‚
2146 1646 2371 1743 quod
2450 1644 2582 1743 hy-

669 1743 1136 1849 drargyrum
1195 1745 1599 1845 praevalear
1656 1767 1997 1846 argento.
2098 1744 2176 1819 Si
2216 1748 2468 1846 igitur
2490 1771 2581 1821 ar·

664 1866 984 1947 gen-tum
1048 1847 1406 1927 nitratum
1467 1845 1586 1926 vel
1652 1844 1937 1921 salitum
1984 1869 2165 1920 curn
2242 1848 2581 1948 hydrar-

667 1969 872 2047 gyro
909 1947 1323 2035 trituratur,
1374 1938 1767 2047 arg'entum
1814 1942 2363 2023 metalliforme
2404 1972 2577 2047 prae·

665 2047 1024 2145 cipitetur
1077 2067 1387 2147 oportet
1440 2048 1520 2125 δε
1586 2048 2160 2151 hydrargyrum
2241 2046 2579 2123 solvetur

669 2146 1134 2224 calcinatum.
1243 2148 1424 2223 Hoc
1500 2148 1723 2225 etiam
1792 2146 1907 2235 fit,
1966 2146 2203 2225 modo
2285 2171 2577 2228 tanturn

667 2246 848 2323 adsit
908 2246 1242 2345 humidi,
1315 2270 1397 2323 ut
1472 2246 1947 2332 attrastiones
2018 2246 2139 2327 sua
2208 2272 2579 2326 exercere

667 2370 946 2448 queant
993 2348 1179 2448 jura.
1305 2348 1775 2450 Superfluum
1857 2349 2447 2456 hydrargyrum
2512 2376 2577 2425 a·

666 2451 848 2524 vide
915 2453 1410 2526 tenerrimum
1484 2451 2062 2552 praecipitatum?
2124 2473 2577 2551 argenteum

668 2552 978 2652 recipit,
1027 2552 1105 2630 ἃ,
1162 2553 1468 2625 arbores
1515 2551 1777 2628 Dianae
1842 2550 2027 2624 nihil
2080 2553 2277 2626 aliud
2356 2551 2579 2644 sunt,

669 2676 896 2748 quam
957 2652 1096 2726 tale
1171 2650 1587 2753 amalgama
1639 2649 2218 2752 crystallisatum.
2344 2654 2579 2728 Plura

645 2751 816 2836 ”huc
865 2754 1324 2856 pertinentia
1377 2776 1561 2826 mox
1604 2773 2012 2834 occurrunt
2060 2755 2155 2852 (§.
2206 2753 2387 2850 IV).
2462 2755 2583 2828 In·

665 2847 1081 2947 superabile
1132 2852 1589 2929 obstaculum
1625 2855 1726 2928 ita
1776 2851 2129 2935 radicitus
2186 2875 2583 2938 remotum

596 2956 602 2960 '
665 2945 908 3050 spero.
1015 2952 1385 3052 Quamvis
1440 2976 1682 3031 autem
1737 2955 1943 3028 acida
2023 2957 2307 3048 nullum
2384 2961 2583 3029 reci·

661 3071 847 3147 pere
889 3075 1162 3146 queant
1195 3055 1607 3144 metallum,
1657 3057 1869 3132 omni
1912 3053 2213 3146 servato
2255 3056 2585 3159 phlogi-

616 3146 819 3240 “st0,
873 3147 1051 3224 sales
1107 3174 1358 3231 tamen
1414 3155 1606 3230 varii
1654 3154 2002 3237 metallici
2054 3157 2237 3240 illud
2286 3158 2581 3238 valent.

665 3249 776 3323 Ita
854 3250 1457 3353 Hydrargyrum
1542 3252 1894 3335 nitratum
1936 3309 1959 3348 ,
2056 3261 2187 3342 vel
2272 3256 2581 3336 salitum
2711 3297 2712 3308 ¹

663 3349 932 3450 (vulgo
992 3351 1411 3452 Mercurius
1466 3355 1890 3434 corrofivus
1924 3357 2157 3456 albus)
2204 3385 2373 3437 cum
2418 3384 2581 3435 me·

664 3449 879 3524 tallos
927 3473 1278 3528 currente
1334 3457 1412 3532 in
1467 3482 1652 3553 aqua
1726 3457 1982 3554 cocia,
2034 3460 2231 3538 illius
2281 3482 2581 3538 certam

661 3550 876 3628 dofin
930 3550 1081 3626 fine
1142 3553 1902 3660 dephlogisticatione
1966 3561 2103 3638 fibi
2167 3563 2583 3662 appropri-

661 3675 814 3750 ant,
852 3648 1313 3756 &posterius
1357 3657 1511 3746 hoc
1550 3661 1818 3771 modo,
1850 3664 2077 3752 etiam
2106 3665 2233 3753 via
2260 3661 2481 3842 ficlcvzi²
2508 3663 2589 3735 in

2164 3815 2169 3820 ·
2466 3787 2585 3846 et·
