2760 4749
594 333 757 434 208
848 411 859 418 .
1012 329 1153 420 De'
1196 327 1558 471 Mineris
1591 323 1820 441 ferri
1867 326 2101 420 albis.

747 541 1323 620 Anmmnmu
1350 543 1594 619 colori
1623 540 1950 617 delendo
1975 539 2279 637 idonea,
2327 543 2506 622 sunt

593 642 719 718 vel
776 667 915 744 per
966 643 1167 720 suam
1223 666 1568 721 naturam
1617 641 2010 746 phlogisto
2061 643 2358 738 dotata,
2421 669 2502 722 ut

588 742 897 846 sulphur
948 745 1031 822 &
1074 743 1496 822 arsenicum
1570 745 1824 820 album
1879 743 1994 844 k),
2057 747 2175 821 vel
2249 745 2504 823 saltim

590 865 635 922 e
696 846 1026 922 carbone
1088 850 1338 948 ignito
1392 847 1578 921 illud
1632 843 1854 920 facile
1904 843 2368 946 suscipiunt,¹
2427 871 2507 924 ut

592 945 925 1048 gypsum
967 1000 990 1038 ,
1051 950 1321 1044 aliique
1393 947 1622 1038 saleS,
1705 945 2086 1022 vitriolico
2157 947 2508 1024 instrusti

594 1049 853 1134 acido,
906 1047 1133 1144 quod
1173 1048 1518 1140 lubenter
1568 1048 1708 1122 hac
1763 1052 1888 1121 via
1945 1049 2026 1121 in
2075 1045 2398 1150 sulphur
2427 1073 2502 1126 a·

587 1147 723 1222 bit.
837 1149 1015 1247 Ejus
1062 1150 1287 1224 etiam
1340 1147 1623 1242 indolis
1673 1147 1846 1221 (unt
1894 1147 2130 1223 calces
2178 1150 2502 1226 metalli-

590 1273 735 1344 cae,
790 1270 873 1324 ut
920 1271 963 1322 e
1012 1249 1341 1324 carbone
1376 1248 1750 1324 candente
1799 1249 2242 1352 phlogiston
2317 1251 2498 1326 hau-

589 1351 815 1441 riant,
867 1348 1073 1446 quod
1108 1373 1319 1440 mox,
1347 1349 1728 1425 mediante
1757 1345 2067 1425 fortiori
2117 1351 2499 1428 atti-aestio·

476 1479 484 1494 ⁴
589 1472 735 1544 ne,
788 1449 1150 1550 magnefii
1203 1451 1384 1525 calci
1435 1451 1862 1548 relinquere
1911 1451 2320 1554 coguntur.

742 1600 937 1700 QJAE
987 1601 1338 1678 hailenus
1382 1599 1966 1702 adescripfimuss
1999 1602 2081 1679 &
2149 1605 2494 1704 explica-

587 1703 837 1780 vimus
884 1702 1434 1804 phaenomena,
1481 1706 1558 1804 in
1612 1703 1887 1780 borace
1943 1706 2168 1778 etiam
2231 1707 2490 1784 locum

590 1801 914 1894 habent,
966 1804 1210 1904 aliqua
1262 1827 1508 1880 tamen
1557 1830 1728 1878 cum
1771 1801 2224 1880 differentia.
2331 1807 2488 1886 Co·

586 1907 702 1980 lor
737 1903 903 1979 salis
946 1903 1497 1980 microcosmici
1519 1957 1540 1995 ,
1575 1929 1614 1978 e
1647 1905 1992 1998 caeruleo,
2027 1904 2328 1982 boracis
2367 1933 2488 2010 au·

584 2025 741 2078 tem
813 2007 1071 2101 aequali
1124 2007 1530 2102 quantitate
1569 2029 1610 2080 e
1647 2007 1850 2081 flavo
1893 2005 2256 2098 rubescit,
2301 2007 2488 2084 satu-

586 2106 891 2198 ratione
930 2126 1177 2180 autem
1228 2107 1307 2180 in
1348 2105 1686 2203 'utroque
1726 2105 1931 2182 idem
1962 2108 2352 2200 obtinetur
2380 2113 2484 2185 in·

583 2201 791 2282 tense
838 2205 1224 2283 rubineus.
1328 2205 1646 2281 Fufioue
1687 2231 1987 2307 quoque
2015 2209 2092 2282 in
2148 2210 2512 2285 carbone'

584 2307 822 2411 longe
900 2305 1183 2383 tardius
1254 2304 1420 2383 heic
1491 2306 1782 2387 deletur
1861 2308 2184 2402 tinEiuS,
2251 2335 2480 2409 quum

584 2410 856 2487 borax'
906 2410 1185 2485 minori
1260 2410 1341 2484 vi
1414 2408 1950 2486 inflammabile
2024 2410 2482 2507 transferat,

586 2536 816 2613 quam
870 2508 1163 2587 acidum
1224 2506 1665 2613 phosphori.

732 2664 1069 2754 Arma,
1125 2685 1274 2739 tam
1320 2662 1772 2767 vegetabili,
1823 2681 2049 2765 quam
2099 2658 2480 2757 minerali,

582 2761 751 2841 fuso
786 2765 875 2839 in
904 2752 1282 2841 cochleari
1320 2782 1722 2867 argenteo,
1771 2764 1827 2841 fi
1874 2766 2145 2869 exigua
2176 2764 2482 2842 additur

582 2864 950 2944 moleeula
984 2867 1209 2941 'calcis
1253 2865 1611 2969 magnefii
1645 2868 1724 2942 δι
1759 2869 1956 2969 iguis
1998 2889 2138 2967 pet·
2187 2865 2482 2963 aliquot

582 2988 968 3042 momenta
1022 2970 1532 3057 continuatur,
1585 2967 1932 3067 globulus
1987 2990 2170 3043 mox
2221 2988 2318 3043 ex
2377 2968 2480 3044 al-

582 3066 686 3142 bo
754 3067 1200 3158 caeruleum,
1249 3070 1414 3156 vel,
1485 3066 1536 3143 fi
1592 3067 1801 3144 fimul
1866 3066 2053 3161 inest
2109 3067 2478 3170 ferrugo,

578 3166 909 3243 viridem
945 3168 1261 3247 tinstum
1306 3167 1768 3251 nanciscitur.
1868 3170 2154 3269 Majori
2181 3170 2480 3269 portio·

578 3290 677 3345 ne
726 3267 942 3343 color
987 3267 1446 3363 intenditur,
1493 3272 1731 3345 immo
1776 3294 1870 3347 eo
1918 3292 2187 3369 usque,
2237 3292 2321 3346 ut
2359 3268 2476 3345 fe·

576 3393 664 3445 re
713 3370 789 3446 ni
853 3393 931 3447 er
975 3392 1369 3470 appareat,
1422 3368 1550 3445 sed
1596 3370 1820 3449 maffa
1869 3370 2076 3447 tarde
2129 3370 2336 3461 fluit,
2393 3372 2476 3447 &

574 3492 788 3545 macu
820 3472 881 3546 is
928 3474 1305 3573 variegata
1344 3472 1786 3569 inaequalem
1833 3466 2196 3549 monstrat
2233 3468 2477 3547 distri-

576 3571 991 3649 butionem.
1094 3569 1355 3651 Mass'ae
1405 3570 1578 3649 fusae
1618 3573 1672 3651 fi
1731 3574 1983 3677 pulvis
2045 3572 2470 3653 carbonum

2339 3671 2469 3757 vel

664 3846 731 3929 k)
780 3848 921 3919 nin:
962 3848 1033 3917 de
1072 3846 1371 3917 Arsenieo.
