2760 4749
1553 251 1564 348 )

670 341 709 406 ι
729 339 835 428 14
1088 311 1215 398 De
1272 331 1502 400 terra
1569 309 2138 440 Gemmarum

816 523 914 602 IN
969 523 1159 606 vasis
1217 523 1475 628 claufis
1531 528 1834 604 adamas
1913 527 2099 631 igne
2158 523 2524 601 vehemen-

664 624 935 707 tiffimo
1038 647 1284 703 tortus
1359 627 1443 704 in
1536 623 1920 726 superficie
1995 624 2321 730 fuliginis
2395 648 2524 699 non

664 753 825 806 non
880 752 1291 830 numquam
1324 725 1707 804 contrahit
1731 727 2060 830 speciem
2087 730 2173 827 r).

817 875 1159 973 EjusnEM
1190 903 1361 958 cum
1418 878 1816 963 menstruis
1851 878 2222 959 consuetis
2250 877 2529 967 habitus,

660 985 817 1087 jam
872 983 1199 1064 curatius
1244 985 1734 1084 exponetur..

820 1137 935 1234 A)
994 1131 1273 1208 Purvts
1333 1131 1832 1209 adamantinus
1894 1129 2424 1235 experimentis
2483 1128 2532 1202 i·

668 1236 959 1314 doneus
1005 1256 1102 1311 ex
1138 1229 1468 1309 duorum
1525 1233 2008 1310 adamantum
2050 1234 2304 1309 attritu
2353 1229 2532 1333 geni·

662 1361 779 1416 tus
826 1335 974 1414 ess'e
1024 1333 1305 1427 debet,
1338 1335 1526 1410 'non
1575 1335 1886 1433 quidem
1935 1335 2225 1411 cortice
2278 1354 2532 1408 natura-

663 1442 719 1516 li
774 1434 1351 1532 instruam-um,
1401 1432 1532 1512 sed
1585 1459 1683 1512 eo
1728 1437 2030 1538 penitus
2078 1434 2532 1521 orbatorum,

666 1540 766 1618 de
808 1545 1141 1627 corticea
1188 1538 1396 1630 enim
1457 1540 1768 1614 materia
1817 1534 2061 1612 adhuc
2104 1533 2428 1625 dubitare
2473 1531 2534 1605 li·

667 1664 831 1735 cet,
872 1665 1069 1728 ,num
1128 1635 1470 1738 ejusdem
1531 1641 1855 1714 omnino
1934 1634 2235 1714 naturae''
2286 1633 2412 1728 fit,
2465 1654 2532 1706 ac

666 1743 1001 1822 nucleus.
1103 1733 1318 1816 Talis
1366 1737 1791 1838 pulveratio
1854 1738 2184 1838 majores
2252 1733 2534 1836 requirit

667 1845 1148 1932 adamanteS,
1196 1843 1424 1940 qu'am‘
1478 1837 1682 1916 hisee
1728 1837 2272 1916 tentaminibus
2323 1833 2534 1914 haste·

667 1967 808 2020 nus
866 1937 1367 2041 impendere·
1446 1943 1649 2032 orni,
1719 1939 2044 2044 ideoque
2096 1939 2382 2017 venalis
2433 1957 2534 2010 ex·

664 2043 1099 2144 ploratione
1178 2037 1365 2114 subfi
1431 2063 1560 2116 ere
1611 2041 1910 2118 coastus
1967 2038 2100 2120 fui.
2207 2041 2326 2120 De
2387 2034 2535 2114 ada·

664 2161 929 2224 manre
978 2137 1469 2240 perhibetur,
1514 2141 1721 2242 quod
1778 2141 1940 2219 fere
1991 2143 2302 2246 nigrum
2375 2161 2536 2242 prae·

664 2241 839 2319 beat
903 2240 1347 2343 pulverem,
1411 2239 1496 2319 ἃ,
1554 2243 1864 2342 quidem
1917 2243 2126 2340 jure,
2177 2241 2234 2319 fi
2288 2241 2380 2318 de
2426 2259 2534 2314 ve·

663 2342 819 2423 nali
873 2340 1181 2443 quaestio
1246 2340 1398 2439 est,
1448 2339 1750 2425 sed-hic
1801 2344 2017 2423 color
2065 2344 2396 2420 minime.-⁵
2426 2363 2532 2416 na·

658 2444 919 2525 turalis
968 2462 1309 2547 putetur,
1364 2470 1598 2543 quum
1651 2446 1882 2523 acidis
1916 2444 2310 2523 menstruis
2357 2436 2536 2520 haud

662 2546 1078 2640 difficulter,
1148 2546 1448 2624 extrahi
1539 2566 1761 2646 queat
1840 2545 2172 2649 nigredo
2197 2604 2222 2639 ,
2290 2543 2536 2622 atomis

660 2647 1229 2726 remanentibus
1300 2646 1568 2725 albidis
1599 2703 1623 2738 ‚
1687 2647 2029 2748 adeoque
2091 2647 2246 2724 vel·
2295 2644 2538 2725 instru-

658 2748 1129 2838 strumentiS,
1208 2748 1335 2824 vel
1404 2749 1669 2825 cortici
1737 2746 2250 2825 adieribenda.
2355 2743 2536 2825 Fieri

655 2868 917 2926 tamen
960 2846 1255 2951 potest,
1300 2870 1386 2925 ut
1455 2848 1863 2947 aliquando
1934 2848 2371 2927 adamantes
2438 2850 2538 2919 ni-

657 2949 823 3057 gri,
870 2950 999 3049 qui
1056 2950 1137 3024 in
1214 2948 1402 3027 aiios
1470 2951 1824 3030 converti
1891 2972 2277 3051 nequeunt
2342 2946 2536 3043 usus,

714 3049 1198 3141 ulverentur,
1260 3048 1463 3128 &in
1520 3052 1672 3128 hoc
1725 3049 1894 3128 casu
1959 3052 2178 3130 color
2247 3053 2538 3130 fixioree

770 3172 813 3227 e
865 3150 1099 3228 dubio
1138 3150 1430 3231 radices
1482 3150 1811 3236 habebit.

804 3322 1230 3425 B).Pu1.v1s
1274 3322 1620 3401 mediante
1653 3351 1835 3427 aqua
1865 3350 1942 3401 re
1991 3325 2059 3401 is
2098 3318 2308 3423 probe
2346 3319 2538 3421 dqpu·

656 3440 859 3508 ratus
910 3426 1231 3513 aliorum
1308 3426 1704 3503 acidorum
1793 3427 1912 3503 elu
1969 3428 2029 3503 it
2093 3422 2544 3512 efficaciam,

653 3526 1024 3631 fingulare
1083 3547 1339 3608 tamen
1378 3553 1554 3605 cum
1601 3526 1991 3617 vitriolico
2017 3526 2306 3629 praebet
2353 3523 2542 3626 phae·

2415 3647 2540 3699 no·

742 3816 811 3895 r)
855 3818 976 3883 Mr.
1018 3814 1364 3889 Lunum,
1407 3811 1590 3883 Men.
1629 3811 1696 3881 a·
1732 3810 1771 3875 ι·
1809 3811 1920 3876 Ae.
1963 3809 2030 3876 ae
2070 3808 2238 3877 1³0sz
2279 3772 2465 3885 1⁷24„
