2760 4749
760 311 765 316 ὑ
892 352 1015 466 De
1078 354 1438 466 Nictola
1985 382 2139 470 235

1060 567 1121 669 ς.
1180 570 1311 662 111.

236 833 241 836 ¹
362 723 820 840 Regulus
892 721 1550 828 calcinatione
1611 723 2040 830 &lem-12

662 837 1126 944 ficatione
1184 836 1764 951 depuratus.

314 999 323 1006 '
410 999 579 1094 Ur,
629 997 809 1096 quid
852 999 1152 1097 valeant
1212 1001 1496 1086 iteratae
1573 999 2156 1094 calcinationes,

256 1102 347 1200 ὃς
423 1099 1009 1194 scorificationes
1040 1153 1058 1188 ,
1140 1102 1697 1200 exploraretur,
1772 1099 2198 1200 sequentia.

258 1200 585 1298 instituta
658 1199 825 1276 sunt
905 1203 1317 1290 tentamina
1388 1227 1560 1276 cum
1646 1205 1911 1304 regulo
1975 1226 2158 1300 quo·

261 1305 439 1390 dam
491 1301 853 1390 Niccoli‚
904 1305 981 1378 in
1038 1301 1486 1400 collectione
1535 1303 1970 1392 Academiae
1997 1304 2161 1404 Up-

262 1401 585 1502 salienfis
618 1403 987 1478 Svabiana
1014 1405 1285 1492 obvio,
1336 1402 1416 1478 ἃ
1451 1429 1493 1478 a
1525 1404 1870 1480 Domino
1899 1403 2160 1480 CRoN-

262 1529 499 1602 amm·
548 1505 875 1603 eliquato
890 1557 918 1596 ,
966 1505 1173 1605 cujus
1227 1513 1560 1604 gravitas
1616 1504 1964 1607 specifica
2032 1507 2164 1580 ad-

267 1601 713 1702 curatiffima
761 1604 1055 1681 bilance
1102 1602 1617 1704 hydrostatica
1662 1626 1958 1706 reperta
2003 1604 2170 1694 fuit,

267 1731 591 1802 7³42¹02
647 1707 827 1780 dum
860 1731 1068 1805 aquae
1097 1704 1478 1780 destillatae
1514 1711 1826 1805 ponitur
1875 1731 2170 1796 1‚0000‚

270 1830 501 1905 quem
550 1807 1049 1908 comparandi
1075 1807 1392 1906 modum
1431 1807 1707 1906 ubique
1748 1811 1828 1885 in
1863 1807 2170 1908 sequen-

270 1908 475 2010 tibus
531 1905 1005 2007 adhibemqs·
1597 1921 1612 1929 ·
1979 1921 1993 1929 ·

426 2059 543 2160 Α)
595 2059 897 2138 Novum
952 2059 1394 2157 semunciae,
1433 2069 1512 2148 in
1553 2064 1949 2166 pulverem
2005 2060 2176 2156 red-

276 2161 500 2260 ad’cae,
552 2163 889 2262 pluribus
963 2165 1041 2238 in
1094 2163 1398 2264 patellis'
1445 2192 1585 2270 per
1637 2165 1759 2242 sex
1815 2165 2179 2240 horarum

277 2264 597 2366 spatium
646 2263 775 2360 sub
829 2262 1123 2362 fornice
1176 2265 1382 2343 furni
1449 2263 1913 2345 docimastici
1985 2260 2182 2356 vehe-

278 2367 499 2463 menti
550 2360 1042 2469 torquebantur
1084 2369 1249 2467 igne
1272 2423 1293 2460 ,
1326 2396 1478 2468 quo
1515 2365 1930 2444 arsenicum
1954 2418 1975 2458 ,
2008 2389 2182 2440 cum

281 2466 505 2544 solito
586 2467 929 2559 foetore,
1014 2470 1349 2567 primum
1429 2468 1942 2569 diffipabatur,
2003 2465 2185 2540 dein

284 2567 722 2669 sulphureus
775 2568 1178 2667 accedebat
1233 2571 1468 2666 odor,
1529 2568 1918 2671 postremo
1994 2564 2187 2641 fumi

288 2670 679 2765 albicantis
762 2672 1017 2771 copia,
1112 2670 1362 2747 allium
1433 2674 1628 2749 haud
1706 2667 2059 2746 redolens
2105 2665 2187 2742 &

288 2771 385 2847 ab
460 2768 802 2846 arsenico
876 2772 1119 2873 magis
1174 2772 1801 2877 dephlogisticato
1872 2764 2188 2845 fortaffis

290 2894 500 2965 orta,
549 2872 629 2946 in
680 2869 995 2949 sublime
1050 2871 1446 2951 ferebatur.
1519 2875 1723 2951 Dum
1773 2870 2190 2948 canderent

290 2974 552 3071 acervi
601 2975 1011 3069 tumescere
1067 2976 1514 3075 inceperunt
1559 2977 1640 3051 δι
1687 2974 1779 3049 ab
1828 2974 2042 3048 omni
2080 2967 2194 3046 su-

293 3074 605 3175 perficie
645 3077 1159 3175 vegetationes
1210 3078 1658 3177 prodierunt
1712 3073 2195 3163 virescente&

296 3176 527 3252 instar
589 3176 1011 3251 muscorum
1066 3178 1145 3254 &
1205 3178 1586 3257 lichenum
1662 3174 2197 3265 filiformium,

298 3282 379 3353 in
432 3274 677 3353 fundo
732 3299 979 3353 autem
1031 3280 1281 3379 pulvis
1353 3284 1656 3357 cinereo
1719 3278 2208 3379 ferrugineus⁵

306 3377 650 3480 restabat.
759 3380 930 3454 Hac
986 3384 1431 3483 operatione
1488 3390 1634 3480 -fgg
1684 3379 2116 3473 avolarunt..

468 3549 563 3643 B)
616 3552 1007 3629 samonem
1060 3554 1277 3652 hujus
1328 3556 1553 3631 calcis
1609 3580 1780 3629 cum
1820 3551 2050 3652 triplo
2077 3550 2206 3625 flu·

311 3678 463 3731 xus.
512 3654 757 3751 nigri,
812 3676 1134 3751 quatuor
1198 3657 1408 3731 horae
1450 3656 1794 3746 minutis,
1851 3674 1998 3753 ope
2060 3649 2206 3726 fol-

317 3756 411 3857 lis
449 3758 529 3831 in
588 3752 767 3831 foco
822 3756 1067 3833 fabrili
1116 3756 1315 3852 fusa,
1366 3756 1682 3861 regulum
1723 3755 2042 3857 praebuit
2096 3748 2216 3843 sup

2039 3872 2222 3953 perf.
