2760 4749
618 335 727 422 ,ςο
1185 302 1583 410 Deterret
1622 297 1923 408 silicea.

619 543 786 620 quae
835 539 1055 594 antea
1107 513 1204 592 de
1245 535 1431 604 ortu
1478 512 1695 612 hujus
1741 535 1969 595 terrae‘
1999 535 2519 620 congruenter

621 617 1206 720 experimentis,
1257 615 1407 692 huc
1458 640 1689 714 usque
1738 614 2129 706 institutis,
2186 641 2379 692 vero
2424 615 2517 692 fi-

621 721 945 797 millima
981 719 1573 798 memoravimus
1596 769 1617 808 ‚
1656 717 1829 792 bina
1859 713 2101 794 saltim
2152 717 2319 792 heic
2346 741 2519 792 coa·

622 818 903 898 lescere
955 819 1378 920 principia,
1436 813 1745 892 acidum
1788 839 1965 895 nem
2026 841 2065 894 e
2118 817 2382 892 fluoris
2434 818 2517 895 δε

625 921 1038 1022 quidquam
1097 943 1194 994 ex
1243 919 1631 994 intimiore
1684 941 1899 1017 aquae
1976 943 2104 994 mu
2146 917 2517 1010 haustum,

625 1019 825 1098 haud
877 1018 1192 1114 obscure
1253 1023 1561 1118 reperit.
1668 1020 1859 1094 Non
1910 1018 2142 1120 igitur
2191 1018 2515 1118 fimplex

581 1121 706 1198 ·&
755 1121 1238 1224 homogenea
1304 1141 1605 1218 putetur
1668 1137 2023 1220 oportet,
2098 1117 2201 1194 ast
2278 1145 2517 1217 quum

626 1246 834 1322 aquae
884 1223 1132 1324 prima
1185 1218 1493 1314 stamina
1551 1245 1693 1318 qua
1749 1241 2011 1304 veram
2071 1219 2409 1295 indolem
2456 1220 2517 1292 i·

624 1344 1078 1422 gnoremuS,
1163 1319 1517 1418 nulloque
1603 1321 1885 1396 idoneo
1978 1323 2517 1419 experimento

624 1423 855 1502 fuerit
933 1419 1465 1512 monstratum,
1544 1421 1749 1519 quod
1826 1419 1977 1496 ulla
2052 1423 2514 1518 reliquarum

683 1524 1243 1614 rimitivarum,
1295 1519 1577 1596 calcem
1629 1522 1951 1619 loquor,
1996 1541 2273 1612 terram
2326 1547 2517 1621 pon·

625 1551 1025 1714 geresam,
1080 1617 1531 1723 magnesiam
1616 1621 1694 1710 δι
1768 1621 2108 1721 argillam
2180 1647 2453 1721 puram
2494 1675 2517 1704 ,

627 1749 724 1802 ex
775 1748 981 1822 aquae
1033 1727 1358 1824 genuina
1417 1720 1811 1797 substantia
1858 1721 2188 1798 derivari
2246 1744 2521 1822 queat²

624 1849 765 1926 per
814 1823 889 1900 se
931 1843 1135 1927 patet
1179 1821 1507 1898 filiceam
1557 1821 1779 1900 instar
1804 1825 2209 1922 primitivae
2245 1825 2319 1896 in
2358 1826 2512 1898 Mi·

627 1925 938 2024 neragia
989 1922 1264 1996 merito
1306 1922 1606 2010 haberi,
1668 1919 1915 1998 donec
1963 1924 2329 2000 luculenta
2380 1948 2514 1998 ex-

627 2023 1085 2140 perimenta,
1140 2021 1503 2123 analytica
1548 2023 1624 2099 &
1666 2023 2130 2126 synthetica‚
2186 2022 2387 2098 baiin
2440 2049 2515 2099 e-

625 2123 918 2226 jusdem
967 2119 1390 2197 terrestrem
1448 2148 1615 2196 cum
1683 2122 1999 2223 quadam
2066 2145 2514 2200 memorata-

627 2247 799 2301 rum
857 2224 1176 2297 omnino
1223 2227 1649 2300 convenire
1674 2227 2045 2306 evincant.
2105 2225 2283 2300 Hoc
2321 2251 2515 2324 prae·

623 2325 823 2417 stito,
873 2323 963 2401 ad
1019 2322 1689 2401 derivativas'mox
1726 2325 2213 2430 ablegandam
2264 2325 2515 2401 existi·

625 2451 957 2513 wamiis,
991 2450 1156 2521 ⁴non
1189 2448 1378 2501 vero
1425 2429 1653 2525 prius.
1716 2428 2009 2502 Interea
2056 2427 2272 2503 nudis
2325 2451 2513 2502 con.

623 2528 928 2629 jeE’turis
980 2526 1060 2602 ὃς
1107 2524 1487 2602 fallacibus
1564 2527 2210 2603 observationibus
2284 2529 2514 2601 mini-

623 2640 750 2705 nie
799 2625 1188 2703 fidendum
1235 2651 1612 2729 urgemus,
1720 2628 2086 2726 Equidem
2144 2628 2515 2720 fatemur,

628 2728 835 2827 quod
909 2725 1141 2828 longe
1211 2726 1611 2827 fimpljcius
1689 2749 2037 2829 appareat
2111 2726 2516 2831 systemata

629 2826 1176 2917 condentibu3‚
1234 2852 1779 2907 omnes·terras
1826 2852 2205 2928 tamquam
2266 2831 2513 2920 uniuS,

628 2925 753 3002 vel
791 2924 1022 3001 saltim
1059 2950 1483 3025 paucarum,
1524 2927 1853 3005 diversas
1907 2928 2516 3005 modificationes

628 3025 1039 3126 respicere,
1094 3023 1324 3101 sedin
1366 3031 1807 3105 memoriam
1848 3054 2213 3106 revocare
2252 3028 2517 3120 decet,

627 3126 735 3223 illi
785 3146 1014 3203 totam
1079 3150 1527 3228 compagem
1572 3128 1650 3207 &
1704 3152 2042 3207 naturam
2121 3132 2515 3231 cognitam

630 3224 775 3301 effe
823 3224 1144 3318 debere,
1210 3230 1336 3327 qui
1386 3227 1516 3303 fibi
1566 3257 1604 3307 a
1658 3232 1900 3331 priori
1948 3229 2517 3329 dijudicandum

627 3325 888 3419 sumit,
935 3325 1114 3423 quid
1163 3328 1401 3429 magis
1480 3332 1978 3432 compofitum
2036 3331 2121 3407 fit
2166 3333 2245 3406 in
2296 3357 2517 3409 mun·

629 3427 733 3506 do
783 3448 1164 3527 corporeo
1209 3427 1673 3515 adornando,

781 3644 1195 3722 NoNNmu
1247 3646 1587 3751 argillam
1643 3651 1719 3725 in
1778 3652 1957 3757 igne
2002 3632 2319 3732 filiceam
2390 3656 2515 3773 ad·

2355 3782 2513 3856 qut-
