2760 4749
677 317 837 414 438
893 299 1010 384 De
1053 304 1562 385 minerarum
1602 298 2053 401 Docimasia
2084 298 2454 398 humida,

682 511 833 588 cidi
903 510 1064 587 salis
1141 515 1607 588 concenttati
1679 511 2205 611 portiuncula,
2288 513 2376 588 δι
2444 511 2573 588 sub

679 611 1136 712 quaffatione
1197 639 1379 689 mox
1439 640 1603 688 cum
1656 613 1928 712 infigni
1998 614 2251 688 calore
2334 615 2573 688 vehe-

679 737 898 789 mens
949 713 1524 792 effervescentia
1569 716 1875 810 incipit,
1958 735 2127 788 orta
2179 736 2281 788 ex
2354 715 2573 810 acido

677 817 1124 904 muriatico,
1180 816 1385 912 quod
1438 839 1585 916 ope
1638 814 1997 888 vitriolici
2057 839 2203 910 qua
2270 836 2569 913 patrem

676 939 866 1012 aqua
936 913 1296 1014 spoliatur
1361 915 1441 990 ὃ(
1495 926 1748 989 aerem
1819 937 2135 1014 generat
2226 917 2571 988 muriati-

677 1037 866 1094 cum.
971 1017 1148 1090 Hoc
1204 1016 1459 1091 medio
1524 1019 1726 1090 vires
1793 1013 1988 1090 acidi
2064 1016 2433 1088 vitriolici
2496 1015 2569 1096 δι

675 1115 1328 1190 concentratiffimi
1353 1119 1725 1190 muriatici
1757 1115 2355 1215 conjunguntur.
2409 1113 2571 1190 Post

675 1214 1018 1290 horulam
1092 1215 1407 1288 addatur
1470 1241 1696 1312 aqua,
1764 1217 1881 1306 δι,
1950 1213 2405 1292 subsidentia
2474 1216 2568 1288 fa-

673 1313 789 1392 sta
827 1369 848 1406 ‚
901 1315 1140 1389 clarus
1191 1315 1689 1390 decanthetur
1758 1317 2030 1414 liquor.
2138 1315 2433 1390 Eadem
2496 1341 2571 1388 o·

671 1419 964 1518 petatio
1053 1441 1221 1490 curn
1300 1416 1594 1491 refiduo
1658 1417 2067 1515 repetenda
2143 1417 2288 1497 est,
2336 1439 2569 1514 usque

673 1516 852 1602 dum
891 1517 1100 1590 acida
1162 1517 1346 1592 nihil
1401 1518 1703 1592 ulterius
1759 1516 2049 1592 solvere
2096 1539 2409 1615 queant.

822 1667 1052 1767 QJon
1127 1669 1433 1745 tandem
1506 1689 1848 1744 remanet
1915 1666 2308 1743 insolubile
2380 1667 2569 1743 nihil

671 1768 866 1844 aliud
909 1769 1054 1844 eise
1108 1769 1334 1848 debet
1362 1828 1386 1864 ‚
1436 1796 1659 1869 quam
1702 1771 1979 1844 matrix
2026 1768 2345 1869 lapidea.

815 1921 1140 1997 Somno
1191 1946 1340 2020 ope
1400 1921 1613 1996 alkali
1657 1923 1887 1996 a'erati
1943 1919 2332 1996 deturbata
2390 1947 2569 2022 pon·

670 2021 848 2096 dere
899 2021 1166 2095 efficiat
1196 2051 1281 2113 a,
1321 2023 1402 2097 δι
1443 2025 1585 2096 erit
1626 2023 1921 2120 quaefita
1966 2021 2297 2123 regulini
2339 2045 2562 2122 quan·

667 2123 836 2198 titas
892 2119 1231 2221 expressa
1288 2147 1426 2223 per
1466 2133 1621 2223 ἐξὲξ
1675 2149 1743 2196 a.

827 2275 1166 2349 MtNERAE
1241 2275 1686 2378 crystallinae
1768 2269 2206 2348 subtiliffimi
2290 2277 2565 2366 atomi,

669 2378 960 2451 matrici
1016 2378 1310 2450 cuidam
1369 2380 1633 2451 intime
1684 2376 2093 2473 implicati,
2146 2376 2315 2474 post
2366 2377 2565 2452 debi-

669 2495 821 2550 tam
877 2476 1471 2576 pulvera'tionem
1526 2476 1675 2551 fine
1731 2474 2157 2550 difficultate
2206 2502 2248 2551 e
2320 2478 2563 2553 deter-

667 2579 944 2651 minata
1030 2578 1389 2677 portione
1486 2575 1808 2651 lavando
1900 2575 2203 2650 seorsim
2304 2578 2562 2678 colligi

663 2675 1010 2777 possunt,
1085 2704 1312 2775 quum
1364 2675 1688 2779 crystalli
1742 2680 2109 2778 gravitate
2158 2674 2405 2754 sexies
2454 2677 2563 2754 fe·

660 2778 746 2852 're
799 2776 1152 2878 superent
1205 2780 1513 2877 aequale'
1550 2786 1754 2878 aquae'
1842 2778 2256 2877 volumen,
2334 2780 2563 2855 adeo·

664 2902 809 2972 que
881 2904 1034 2954 non
1117 2902 1404 2955 tantum
1488 2879 1939 2979 pr-aevaleant
2032 2878 2559 2971 terrestribuS,

661 2976 790 3053 sed
842 2982 1062 3053 etiam
1120 2981 1436 3057 aliorum
1483 2978 1959 3056 metallorum
2010 2981 2371 3073 mineris,
2435 2984 2561 3055 im·

661 3099 792 3152 mo
872 3078 1023 3177 ipsa
1097 3080 1461 3159 leviffima'
1535 3078 1693 3155 fere
1784 3081 2157 3181 attingant
2240 3082 2557 3163 metalla.

660 3177 1044 3254 Particulae
1100 3182 1548 3284 crystallinae
1604 3179 2011 3285 segregatae
2059 3178 2317 3281 postea
2394 3208 2560 3257 mo·

659 3276 761 3352 do
809 3275 1188 3379 descripto
1245 3286 1639 3358 tentamini
1713 3282 2225 3379 subjiciuntur.
2346 3283 2559 3360 Raro

659 3376 1018 3456 distinstae
1076 3381 1404 3485 crystalli
1466 3384 1790 3481 majores
1858 3381 2099 3465 furnis
2172 3384 2559 3459 committi

655 3478 1005 3582 possunt,
1089 3482 1353 3562 harum
1450 3485 1655 3561 enirn
1727 3482 2069 3563 collestio
2136 3481 2559 3561 admodum

656 3578 758 3657 est
866 3606 1054 3659 arca.
1161 3582 1671 3686 vulgatissima
1724 3587 2015 3665 minera
2056 3609 2309 3671 earum
2385 3610 2561 3663 mo-

654 3684 818 3777 lecu
851 3705 926 3767 as
987 3684 1204 3773 valde
1255 3682 1537 3795 sparsas
1578 3686 1943 3771 continet.
2426 3786 2533 3869 PE
