2760 4749
321 340 456 439 -De
485 300 982 438 minervum
1018 340 1474 457 Docimafia
1501 351 1868 440 humidat
1930 376 2091 464 435

361 565 468 664 E)
525 566 874 640 Smcum
929 559 1110 639 ferri
1159 563 1517 656 minerae,
1590 561 1667 638 in
1734 563 2092 641 subtiliffi-

202 688 418 741 mum
472 667 960 741 comminutae
1012 665 1449 765 pulverem,
1498 666 1577 738 in
1640 666 1858 740 acido
1924 665 2091 742 salis

193 769 478 868 pluries
565 764 830 856 costae,
907 764 1112 841 suum
1192 768 1447 841 laxant
1502 766 1905 842 metallum.
2011 767 2092 842 Si
2162 830 2166 843 ,

195 873 474 970 pyritae
523 866 804 942 tardius
855 864 1292 956 solvuntur,
1343 866 1672 967 paullum
1728 866 1927 940 acidi
1981 868 2091 941 ni-

194 968 375 1045 trofi
422 967 852 1042 instillatum
905 970 1427 1067 operationem
1484 968 1877 1055 accelerat„

340 1121 614 1195 Fatum
649 1116 988 1195 extraElm
1034 1120 1310 1194 matrix
1363 1116 1625 1212 restat,
1676 1118 1728 1195 fi
1780 1121 1940 1196 haec
1977 1120 2087 1195 in-

191 1218 534 1297 solubilis.
577 1218 700 1297 est.
818 1220 926 1293 Ut
981 1220 1134 1319 jam
1205 1220 1679 1299 metallicum
1730 1221 2088 1298 habeatur

191 1320 475 1413 solum,
535 1318 888 1397 instillato
961 1321 1182 1397 alkali
1264 1320 1795 1422 phlogisticato
1856 1344 2089 1401 omne

192 1422 622 1523 separetur,
678 1421 885 1520 quod
935 1420 1172 1497 lotum
1204 1479 1227 1513 ,
1278 1422 1669 1497 colle-&um
1727 1423 1807 1498 &
1860 1423 2092 1497 exfic·

189 1546 446 1599 catum
533 1525 905 1625 pondere,
952 1522 1397 1621 aequivaleat
1478 1524 1577 1597 τῶ·
1650 1551 1737 1615 a,
1811 1522 1891 1597 &
1945 1524 2087 1597 erit

1984 1642 2018 1681 a

187 1702 374 1789 fen-i
435 1704 794 1782 metallici
861 1704 969 1779 illi
1037 1726 1467 1808 congruens
1543 1704 1911 1803 quantitas
1960 1720 2084 1833 ἶ·

194 1846 391 1935 Haec
439 1878 697 1933 tamen
749 1838 1126 1933 conclusio
1172 1881 1319 1956 pro
1371 1855 1780 1956 quantitate
1828 1854 2087 1955 praeci·

187 1961 492 2061 pirantis
561 1956 664 2033 est
733 1958 1248 2064 corrigenda,
1317 1962 1427 2059 uti
1494 1978 1709 2034 antea
1794 1958 2086 2033 monui-

189 2083 356 2135 mus
401 2060 493 2161 (ς.
541 2060 667 2159 11).

347 2206 588 2310 QJoo
635 2234 775 2313 per
820 2209 940 2302 se,
987 2208 1366 2289 mediante
1422 2164 1638 2287 acido
1695 2202 2081 2286 vitriolico

189 2312 297 2390 est
350 2311 702 2407 solubile,
764 2338 921 2388 non
979 2312 1112 2390 nifi
1168 2337 1354 2412 aqua
1407 2330 1598 2414 opus
1680 2311 1941 2403 habet,
1999 2329 2081 2388 ut

187 2415 414 2489 alkali
473 2410 1000 2517 phlogisticato
1049 2438 1387 2517 praeceps
1444 2434 1627 2489 ruat.
1993 2401 2017 2433 '

335 2563 582 2665 QJUM
638 2555 1064 2665 Magnesiam
1129 2565 1322 2667 saepe
1398 2563 1607 2640 ferro
1675 2563 2081 2661 inhaereat,

191 2665 378 2742 illud
431 2670 658 2742 etiam
708 2665 906 2742 haud
959 2666 1356 2742 difficulter
1420 2665 1815 2766 proditur,
1888 2662 2079 2741 sedi-

184 2789 523 2843 mentum
575 2767 966 2842 caeruleum
1036 2768 1278 2867 probe
1355 2764 1863 2865 ponderatum
1934 2767 2116 2840 im---

184 2868 612 2966 mergendo
663 2891 912 2964 aquae,
959 2868 1178 2942 acido
1229 2867 1408 2941 nitri
1475 2865 1865 2960 acuendae,
1932 2889 2081 2966 qua
2148 2885 2153 2894 ·

183 2969 446 3070 portio
497 2993 538 3043 e
595 2966 977 3070 magnesio
1047 2989 1214 3043 orta
1277 2967 1648 3059 solvitur,
1712 2969 1822 3042 uti
1891 2989 2077 3042 mox

183 3069 733 3147 memorabitur
779 3068 864 3170 (§.
915 3068 1189 3172 XVII).
1321 3068 1497 3144 Alia
1577 3068 1828 3145 media
1902 3067 2077 3143 alibi

181 3169 554 3270 descripta
603 3164 679 3245 su
690 3190 772 3245 nt
834 3171 926 3270 n).

339 3324 650 3398 PRAETER
702 3321 856 3397 hoc
911 3318 1286 3398 metallum
1339 3318 1478 3398 alia
1544 3317 1923 3398 ferriferas
1995 3345 2077 3398 u·

185 3422 444 3498 berius
486 3421 992 3522 ingredientia
1068 3423 1447 3516 mineraS,
1518 3421 1679 3498 illas
1746 3423 2075 3524 plerum·

179 3547 336 3624 que
398 3523 696 3599 inutiles
748 3520 1068 3614 fatiunt,
1125 3521 1331 3599 ferro
1410 3524 1739 3623 eliquato
1813 3525 2076 3598 noxias

176 3624 693 3726 impertientia
743 3621 1152 3800 facultaffs„
1243 3625 1367 3700 De
1431 3627 1693 3718 zinc0‚
1770 3624 2076 3722 aliisque

272 3774 278 3780 ’
1113 3747 1154 3798 e
1206 3749 1250 3802 2
1932 3745 2074 3826 pe-

353 3880 426 3956 n)
467 3877 558 3944 De
599 3871 830 3942 mineris
875 3874 1003 3970 ferri
1047 3877 1226 3947 albis,
1258 3877 1312 3956 §.
1355 3877 1527 3941 vm.
