2760 4749
854 340 979 436 De
1047 341 1456 459 Arsenim.
1979 367 2134 455 305

241 553 565 634 deantur
622 554 694 659 q)
711 583 735 656 3
808 581 941 633 cur
998 555 1440 636 arsenicum'
1482 557 1782 634 interne
1857 555 2137 658 absque

242 656 647 738 necessaria
726 655 1205 736 correE’tione
1261 659 1632 749 sumtum,
1716 659 1912 735 inter
1998 661 2142 737 alia

240 757 766 863 symptomata·
833 758 1208 836 irritando
1284 757 1763 836 convulfivos
1859 760 2142 836 excitet

240 882 539 954 motus,
573 878 725 936 tam
775 861 854 936 in
910 859 1392 950 ventriculo,
1439 885 1662 960 quam
1719 863 1798 936 in
1842 861 2144 960 reliquo

238 983 621 1063 corpore,
670 964 761 1037 =ut
808 960 946 1040 alia
1000 982 1305 1038 taceam·
1342 961 1784 1053 corollaria,
1838 986 2003 1061 quae
2045 985 2142 1038 ex

242 1061 588 1138 chemica
635 1060 951 1140 arsenici
1003 1059 1285 1166 analyfi
1336 1065 1558 1165 praxi
1604 1063 1922 1139 medicae
1966 1087 2143 1162 pro·

240 1163 434 1239 ficua
475 1160 621 1240 effe
677 1161 1001 1265 possunt.
1056 1163 1237 1240 Hoc
1286 1166 1596 1239 unicum
1646 1163 1846 1239 addo
1878 1222 1898 1256 ‚
1933 1159 2146 1263 quod

236 1265 658 1342 arsenicum
711 1266 1057 1341 omnium
1120 1264 1594 1342 metallorum
1645 1262 2000 1341 facillime
2034 1267 2147 1339 in·

238 1364 699 1455 flammabile,
754 1367 1518 1467 principiumimittat
1566 1363 1658 1466 (§.
1710 1365 1850 1458 11),
1920 1364 2148 1442 adeo·

240 1491 387 1568 que
443 1465 960 1570 mitigantibus
1004 1463 1478 1570 phlogisticis
1511 1487 1725 1544 caute
1751 1465 2146 1545 fidendum
2180 1523 2210 1538 ..

236 1567 437 1661 effe,
507 1593 681 1643 cum
745 1570 826 1644 in
899 1567 1320 1645 visceribus'
1385 1565 1828 1672 phlogiston
1913 1569 2148 1644 variis

240 1671 492 1746 modis
546 1667 775 1744 evelli
826 1667 1062 1770 possi't.
1193 1667 1366 1743 Sola
1437 1666 1922 1768 dispositione
2000 1693 2148 1770 pu«,-

238 1769 622 1849 tredinosa
676 1767 996 1852 odorem
1069 1767 1453 1844 alliaceum
1525 1771 1944 1870 provocari
2014 1791 2148 1870 pe·

241 1869 865 1948 netrantiffimum
902 1927 926 1962 ‚
1007 1870 1447 1972 exemplum
1530 1871 1726 1962 viri,
1800 1867 2148 1946 arsenico

238 1973 415 2049 albo
460 1974 838 2073 peremti,
894 1973 972 2048 in
1024 1971 1339 2050 theatro,
1369 1972 1800 2048 anatomico
1852 1966 2142 2076 Upsali·

234 2074 397 2152 ensi
447 2097 690 2176 nuper
741 2071 1057 2149 obvium
1092 2128 1115 2163 ‚
1171 2069 1641 2150 monstravit.
1693 2087 1700 2094 ·
2041 2113 2052 2120 ·

390 2226 883 2306 Psuornnum
916 2226 1262 2302 turcicum
1289 2225 1936 2328 auripigmentum
1969 2242 2147 2302 cum

236 2327 401 2407 aliis
453 2329 795 2407 continet
862 2328 1230 2420 materna,
1304 2323 1437 2403 sed
1507 2329 1625 2413 uis
1699 2325 2148 2429 depilatoria

238 2429 513 2508 reaius
564 2427 818 2507 forsan
867 2426 1094 2506 alkali
1140 2424 1462 2506 caustico
1517 2426 1730 2507 fimul
1810 2426 2149 2533 ingredi·

236 2535 400 2609 enti
448 2528 551 2609 est
598 2527 1114 2607 adscribenda.

417 2685 913 2771 ΑτιιᾼΜεΝτο
968 2674 1454 2783 sympatbetico
1501 2678 1596 2781 (ᾗ.
1635 2680 1750 2775 X,
1787 2666 2146 2782 CyPhy-

236 2784 370 2865 fici
445 2808 858 2884 corporum
930 2780 1375 2883 stupendam
1465 2784 1827 2859 evincere
1901 2779 2149 2859 solent

294 2886 726 2963 orolitatem
778 2884 859 2961 &
906 2882 1386 2961 effluviorum
1433 2883 1859 2960 mirandam
1919 2882 2149 2958 subti-

230 2914 571 3080 fitatem,
628 3009 803 3061 nam
868 2982 1274 3086 scriptura3
1309 3004 1525 3061 aceto
1571 2984 2009 3101 lithargyrii
2043 2982 2147 3059 fa-

232 3088 399 3183 E'ta‚
442 3112 581 3190 per
629 3084 705 3164 se
750 3085 1142 3163 invisibilis
1170 3139 1194 3179 ‚
1238 3088 1440 3162 intra
1491 3104 1724 3187 pauca
1775 3105 2066 3162 mmuta
2107 3092 2170 3162 e'

234 3190 657 3293 vaporibus
711 3188 935 3289 hujus
988 3189 1306 3288 liquoris
1350 3185 1745 3280 fuscescit‚
1793 3187 2152 3287 quamvis
2173 3186 2183 3218 ²

230 3292 455 3397 plura
503 3290 861 3371 foliorum
917 3290 1492 3367 chartaceorum
1552 3288 1788 3401 m-illia
1836 3288 1978 3369 fint
2017 3290 2150 3363 ›in-

228 3397 611 3497 terpolita.
1424 3435 1431 3442 -
1569 3410 1584 3417 ·

196 3508 208 3518 “
322 3530 549 3615 Bergm.
576 3530 773 3617 ορψ.
799 3528 920 3596 ναι.
946 3529 1031 3594 11.
1245 3509 1324 3589 U
1467 3608 1479 3616 ἱ
1995 3496 2134 3587 Vt-

315 3704 390 3787 p)
423 3697 606 3763 Cnsue
673 3698 1048 3763 selefliffimos
1114 3699 1287 3761 nobis
1352 3700 1547 3763 retulit
1611 3698 1740 3765 Cel.
1815 3700 2148 3765 Anatomiae

404 3783 562 3848 Prof.
598 3783 743 3861 ops.
788 3786 861 3847 D.
908 3786 985 3846 D.
1020 3786 1139 3845 An.
1176 3786 1441 3847 Monam
1467 3826 1486 3857 ,
1526 3782 1598 3847 de
1628 3779 1736 3845 usu
1771 3781 1975 3847 barum
2000 3783 2148 3845 ther-

406 3890 639 3934 marum
682 3886 880 3931 contra
916 3864 1252 3933 arsenicum.
