2760 4749
605 353 733 453 De
798 322 1032 456 terra!
1082 359 1634 460 Gemmarum.
1883 400 1891 408 ·
1929 391 2082 486 113

173 573 425 683 nalyfi
475 573 1057 678 discrepantiam
1105 579 1422 658 ulterius
1467 571 1734 684 poffim
1783 575 2092 662 illustra·

172 705 308 774 re,
367 679 679 755 interim
721 693 1025 776 tamen,
1078 707 1245 780 quae
1293 679 1657 758 hae'tenus
1711 686 1900 760 mihi
1972 687 2094 761 vi-

176 783 365 859 dere
416 781 683 871 licuit,
730 779 813 854 in
868 780 1205 857 medium
1248 781 1604 884 proferre
1661 801 1818 858 non
1887 784 2094 862 forte

176 883 832 985 supervacaneum
879 887 1045 959 erit.
1151 882 1273 958 Est
1314 883 1478 960 haec
1529 887 1877 985 operatio
1926 911 2096 988 per·
2153 889 2162 894 ’

178 1009 411 1085 quam
470 980 835 1074 difficilis,
884 1008 1063 1058 non.
1099 988 1355 1060 minus
1413 986 1706 1061 ratione
1781 985 2094 1094 infignis

174 1085 445 1190 pretii,
519 1107 675 1182 quo
766 1085 1303 1184 comparandae
1402 1085 1569 1162 sunt
1645 1091 2094 1184 quantitates

176 1211 270 1265 ex
334 1185 735 1260 erimentis
783 1177 953 1258 fidis
1004 1185 1475 1279 necessariae,
1528 1209 1752 1286 quam
1797 1195 2093 1268 ratione

177 1291 253 1365 in
316 1285 493 1388 oliq
521 1282 743 1384 hujus
787 1284 1039 1384 lapilli.
1144 1287 1254 1362 Ut
1297 1290 1528 1390 igitur
1586 1283 2095 1386 quodammo-

179 1393 277 1466 do
376 1387 913 1487 complanetur
993 1385 1151 1488 ipsa
1256 1391 1378 1464 via
1417 1446 1442 1480 ,
1489 1385 1578 1466 ’ἃ
1671 1387 2094 1486 obstacula,

180 1513 348 1592 quae
403 1504 862 1579 occurrunt,
942 1506 1489 1565 removeantur
1545 1487 1882 1584 facilius,
1933 1489 2094 1586 illi,

179 1593 297 1669 cui
346 1609 515 1664 non
556 1609 851 1664 tantum
906 1586 1232 1664 scientiae
1268 1614 1486 1666 amor
1535 1593 2096 1693 principiorum

181 1691 608 1770 adamantis
668 1685 1335 1788 investigationem
1407 1688 1710 1786 suadet,
1794 1692 1925 1768 sed
1997 1715 2100 1768 et·

182 1795 335 1872 iam
392 1813 523 1866 res
577 1785 1139 1866 circumstantes
1194 1792 1404 1866 ocius
1456 1817 1678 1891 quam
1733 1795 1926 1870 mihi
1991 1791 2096 1870 ul⁴

181 1897 414 1972 terius
452 1894 921 1992 ‘permittunt
972 1909 1336 1985 examen,
1398 1917 1552 1990 quo
1597 1893 1870 1994 usque,
1903 1893 2096 1972 'dum

182 1991 347 2073 haec
397 1991 686 2080 scribo,
736 2013 1141 2092 penetrare
1189 1993 1446 2095 potui,
1489 1993 1933 2072 memorasse
1979 1997 2094 2097 ju-

184 2098 421 2174 vabit.
524 2089 780 2170 Modo
830 2089 1251 2172 denudetur
1304 2095 1622 2198 veritas,
1673 2119 1814 2198 per
1863 2121 2094 2198 quem

185 2219 465 2301 parum
517 2193 784 2272 refert.

336 2331 675 2409 ADAMAS
715 2354 759 2406 a
795 2321 1103 2407 Rubino
1140 2325 1558 2429 ceterisque
1589 2323 1849 2408 differt
1885 2349 2099 2435 gem·

189 2436 376 2527 mis»,
428 2434 543 2509 uti
601 2453 819 2509 antea
876 2428 1422 2521 indicavimuS,
1477 2430 1803 2524 summa,
1870 2452 2099 2529 quam

191 2532 266 2610 in
315 2554 483 2609 tota
534 2554 793 2609 natura
861 2534 1266 2619 novimuS,
1332 2531 1651 2627 duritie,
1719 2534 2100 2633 praecipue

194 2656 481 2725 autern,
550 2630 671 2709 sua
746 2636 827 2709 in
894 2617 1271 2709 mediocri
1341 2636 1524 2734 igne
1581 2635 1748 2733 (qui
1831 2654 2100 2733 argen-

194 2756 349 2813 tum
398 2737 729 2833 tenuiter
779 2732 1112 2834 fundit,)
1159 2734 1560 2836 fugacitate
1589 2786 1615 2825 ,
1651 2732 1783 2811 vel
1817 2738 2100 2835 potiuS‚

190 2836 393 2914 lenta
470 2834 1061 2941 deflagratione‚
1150 2837 1428 2909 etenim
1508 2838 1652 2911 rite
1735 2832 2103 2911 excande-

195 2937 409 3016 scens
462 2961 623 3013 non
675 2956 969 3014 tantum
1025 2960 1167 3035 qua
1212 2934 1578 3011 volumen
1636 2934 1900 3012 senfim
1959 2935 2100 3011 mi·

196 3043 495 3128 unitur,
585 3036 715 3113 sed
778 3038 991 3113 fimul
1048 3037 1428 3113 flammula
1477 3038 1604 3113 vel
1654 3038 1957 3113 nimbus
2014 3035 2099 3111 il⁴

196 3136 349 3216 lum
399 3139 691 3215 lambit.
754 3143 901 3225 At,
950 3135 1155 3239 quod
1212 3136 1488 3230 sciam,
1538 3162 1696 3213 non
1735 3138 1916 3213 dum
1968 3134 2100 3237 qui

199 3240 669 3316 Adamantes
747 3238 1058 3316 audiunt
1118 3238 1425 3331 cubici,
1504 3261 1645 3315 nec
1730 3237 2100 3316 schoerla·

200 3365 327 3419 cea
368 3339 676 3443 praediti
721 3340 1008 3433 forma,
1054 3342 1235 3441 igne
1283 3340 1430 3415 rite
1493 3339 1796 3416 fuerunt
1857 3358 2101 3442 expo·

200 3441 353 3533 fiti,
416 3442 761 3539 adeoque
828 3438 1370 3543 experimentis
1435 3438 1736 3518 idoneis
1806 3435 2103 3518 inveni·

202 3541 481 3619 endum
517 3541 779 3634 restat,
823 3562 1005 3619 num
1056 3544 1139 3618 hi
1177 3544 1403 3617 etiam
1438 3543 1579 3619 toti
1620 3541 2102 3634 evanescant,

202 3642 303 3719 fin
350 3645 605 3819 giinus
658 3646 974 3721 nomine
1028 3644 1510 3725 adamantino
1569 3646 1893 3726 omnino
1951 3642 2106 3746 pri·

204 3762 344 3821 van
408 3768 457 3831 ι,

288 3864 511 3951 nergm.
538 3865 733 3951 opqse.
761 3858 885 3937 Vol,
906 3854 994 3926 η.
1202 3834 1287 3923 Η
1429 3822 1449 3837 ”
1746 3842 1764 3861 ··
2005 3828 2101 3913 Ῑιιι
