2760 4749
724 351 886 450 498
1114 336 1237 424 De
1304 333 1531 422 Tubo
1573 333 2293 449 ferruminatortb.

729 553 1042 628 alterum
1093 571 1515 627 extremum
1568 546 1680 624 fili
1731 545 1885 622 hoc
1952 567 2245 624 tantum
2336 545 2639 626 metallo

731 653 1144 732 obduEium
1209 655 1629 752 reperitur,
1681 648 1891 748 quod
1950 649 2125 726 alias
2193 671 2464 726 totum
2537 676 2641 726 cu·

731 780 880 860 pro
933 752 1401 866 obvolvitur.

885 908 1162 982 HABET
1190 904 1270 982 &
1297 903 1515 982 aliam
1542 901 1995 978 methodum
2026 899 2142 978 Cl.
2173 901 2237 997 J.
2264 901 2641 996 Gnatus,

733 1010 863 1110 qui
899 1003 1119 1106 cupri
1169 1010 1495 1082 mineras
1527 1003 1881 1100 peculiari
1928 1005 2433 1080 adcuratione
2466 1005 2640 1080 scru-

733 1132 922 1186 tatus
995 1105 1140 1200 est,
1220 1131 1365 1206 qua
1423 1103 1866 1180 debiliffima
1946 1101 2271 1206 vestigia
2326 1103 2641 1208 detegit.

729 1211 1082 1286 Granum
1136 1208 1497 1283 nimirum
1549 1208 1899 1296 minerae,
1954 1207 2420 1281 calcinando
2478 1232 2649 1309 pro·

732 1311 826 1384 be
902 1308 1257 1407 sulphure
1301 1308 1748 1402 liberatum,
1782 1307 2149 1396 flammae,
2204 1305 2470 1384 subito
2522 1331 2651 1408 per

735 1413 938 1486 vices
971 1409 1147 1485 flatu
1195 1406 1458 1510 pulsae,
1512 1412 1961 1507 exponitur,
2010 1406 2090 1482 &
2144 1405 2439 1483 iisdem
2504 1433 2649 1483 mo·

739 1513 1019 1588 mentis
1075 1509 1329 1614 fulgor
1377 1530 1697 1608 cupreus
1740 1530 2048 1612 apparet
2089 1513 2169 1582 in
2232 1507 2655 1609 superficie,

737 1639 904 1712 quae
965 1611 1140 1685 alias
1201 1614 1424 1715 ulgra
1472 1607 1621 1723 esi,
1678 1633 1771 1688 eo
1827 1611 2037 1688 citius
2074 1605 2653 1710 provocandus}

737 1739 891 1816 quo
936 1716 1332 1812 pauperies
1399 1733 1670 1810 major.

897 1869 1212 1944 Pm‘res
1259 1887 1581 1967 cupreus
1626 1860 1757 1939 sub
1787 1859 2235 1939 ustulatione
2267 1861 2653 1940 flammam

739 1972 975 2048 viridi
1027 1967 1276 2070 tingit.

1476 2117 1542 2216 §.
1598 2115 1927 2192 XXVII.

1468 2221 1539 2305 F
1561 2248 1605 2304 e
1621 2247 1661 2304 r
1678 2247 1718 2304 r
1739 2248 1797 2308 u
1814 2247 1925 2302 m.

1159 2381 1577 2486 Regulinum
1622 2381 1711 2457 θ’
1747 2384 2191 2458 calcinatum.

889 2511 1209 2587 Faunum
1264 2507 1520 2585 cusum
1570 2512 2012 2601 calcinatur,
2056 2512 2195 2588 vix
2230 2532 2437 2587 vero
2492 2510 2649 2591 fun·

742 2610 821 2688 di
879 2610 1164 2713 potest,
1213 2631 1285 2686 at
1344 2609 1583 2687 fusum
1638 2610 1995 2711 liquescit.

887 2765 1165 2863 Neque
1192 2762 1448 2853 cusum
1478 2786 1627 2862 ope
1658 2764 1953 2839 boracis
1992 2759 2093 2839 est
2129 2762 2654 2841 fundendum:

740 2868 818 2943 in
879 2864 1023 2941 sale
1078 2862 1659 2941 microcosmico
1716 2865 1918 2959 fluit,
1972 2861 2104 2941 sed
2152 2864 2653 2967 fragilitatem

741 2966 1088 3066 adquirit.

902 3086 1214 3160 FERRuM
1261 3086 1683 3161 calcinatum
1712 3088 1791 3161 in
1820 3086 2149 3164 carbone
2198 3085 2651 3164 candescen-

739 3185 844 3360 Pa
884 3188 1233 3357 &pagum
1287 3188 1374 3263 fit
1448 3184 1994 3286 obsequiosum.
2109 3189 2201 3265 In
2264 3190 2653 3266 cochleari

775 3308 874 3359 un
937 3306 1106 3359 1tur.

899 3424 1196 3500 Ftuxus
1242 3424 1395 3501 hoe
1449 3430 1755 3508 metallo
1801 3426 2235 3519 virescunt,
2290 3428 2431 3507 sed
2506 3454 2653 3531 quo

741 3524 997 3610 deficit
1045 3526 1288 3627 magis
1337 3524 1779 3633 phlogiston
1814 3555 1909 3608 eo
1963 3528 2319 3607 intensius
2373 3556 2485 3609 ex
2546 3532 2657 3607 fu·

741 3628 869 3705 sco
935 3630 1237 3703 flavent.
1343 3628 1494 3704 Sub
1534 3634 2106 3736 refrigeratione
2163 3631 2503 3709 multum
2544 3632 2655 3707 de-

739 3730 1072 3809 bilitatur
1115 3726 1429 3844 tinE'tuS,
1483 3732 1725 3813 immo
1774 3732 2045 3814 debilis
2097 3734 2433 3813 omnino
2496 3756 2655 3810 eva·

2526 3857 2655 3913 ne·

2726 3786 2728 3916 k
