2760 4749
673 338 838 465 ‘472‘
1105 343 1229 434 De
1287 345 1504 436 Tube
1548 342 2265 459 firramt‘natort‘o.

675 563 868 639 sunt.
973 558 1191 636 Num
1239 561 1319 634 in
1365 560 1799 636 Adamante
1842 557 1939 634 ab
1990 557 2151 636 aliis
2228 555 2573 637 distincta

673 661 862 739 adfit
902 665 1314 737 etiamnum
1361 660 1562 742 latet.

838 761 1022 839 111,AE
1097 762 1508 838 derivativae
1581 781 1987 853 vocantur,
2069 785 2239 859 quae
2290 785 2336 835 a
2408 759 2575 835 dua·

674 863 816 942 bus
861 863 1301 965 pluribusve
1364 862 1780 964 primitivis
1846 863 2104 938 mixtis
2200 862 2575 936 oriuntur.

673 963 1109 1064 Pleraeque,
1159 987 1358 1064 quas
1390 962 1769 1065 fimplices
1815 965 2112 1063 putavit
2163 962 2263 1038 D.
2312 964 2579 1038 CRoN-

674 1089 948 1159 staur,
984 1063 1298 1165 analyfi,
1341 1066 1468 1140 via
1497 1064 1807 1140 humida
1845 1065 1990 1140 rite
2016 1061 2345 1164 peraeta,
2382 1087 2581 1138 com·

672 1164 948 1268 politas
1026 1167 1292 1242 inveni
1327 1216 1352 1256 ‚
1422 1163 1631 1266 quod
1702 1186 1960 1240 tamen
2029 1165 2333 1240 summo
2414 1163 2581 1238 huic

672 1266 1173 1370 Mineralogo
1223 1286 1383 1340 non
1436 1267 1629 1341 vitio
1657 1264 1761 1340 est
1784 1263 2294 1354 vertendum,
2348 1289 2579 1362 quum

675 1389 812 1460 en,
883 1391 1038 1464 quo
1111 1365 1423 1442 vivebat
1509 1387 1902 1466 tempore,
1990 1390 2109 1444 ars
2174 1367 2583 1468 spagyrica

675 1491 838 1544 non
892 1469 1074 1544 dum
1126 1466 1423 1544 cimelia
1473 1471 1699 1570 regni
1744 1467 2125 1546 mineralis
2205 1465 2581 1567 pervesti-

675 1590 1010 1674 gaverat.

1506 1778 1524 1797 .
1578 1721 1792 1798 XVI.

719 1820 1151 1912 Habitus
1198 1717 1697 1910 terra§1·.um
1756 1826 2541 1939 primitivarum.

1231 2027 1242 2039 ν
1502 1984 1707 2065 Calx.

833 2087 1028 2163 HAEc
1078 2108 1218 2182 per
1272 2083 1347 2163 se
1396 2081 1786 2163 infusibilis
1831 2085 2239 2165 sufficiente
2289 2089 2587 2191 ignein

674 2188 909 2266 acidis
961 2183 1515 2264 effervescendi
1566 2186 1992 2266 facultatem
2024 2190 2345 2279 amittit,
2400 2189 2589 2265 solu·

674 2289 1036 2364 bilitatem
1091 2311 1286 2364 vero
1335 2290 1415 2362 in
1465 2313 1654 2387 aqua
1704 2289 2030 2391 adquirit
2082 2289 2164 2367 &
2210 2313 2397 2368 cum
2471 2315 2591 2368 ea·

675 2390 856 2465 dem
910 2387 1328 2478 incalescin
1384 2388 1847 2491 fatiscitque‚
1898 2415 2079 2491 quas
2144 2414 2409 2468 tamen
2484 2392 2589 2468 ul·

672 2493 891 2569 timas
919 2493 1415 2591 proprietates
1447 2492 1767 2567 nimium
1814 2496 1995 2594 igne
2043 2513 2246 2568 torta
2296 2492 2595 2570 defide-

674 2610 807 2674 rat.
885 2588 1419 2668 Incalescentia
1466 2617 1639 2668 cum
1697 2617 1886 2693 aqua
1939 2590 2159 2669 facile
2230 2594 2593 2693 explora·

673 2712 795 2768 tur
831 2714 1051 2796 ‘gutta
1103 2696 1183 2769 in
1229 2690 1464 2771 dorso
1518 2718 1780 2771 manus
1830 2691 2217 2793 depofita,
2274 2697 2405 2771 cui
2454 2696 2594 2772 mi·

673 2794 839 2869 cula
890 2791 1044 2867 usta
1103 2816 1348 2894 nuper
1403 2791 1848 2899 refrigerata
1908 2796 2365 2877 immittitur.

825 2946 1099 3022 TERRA
1170 2946 1505 3023 calcarea
1572 2945 1805 3023 cruda
1873 2970 2047 3023 cum
2112 2941 2345 3025 alkali
2416 2948 2593 3043 sodae

669 3047 1000 3150 paullum
1055 3042 1489 3124 effervescit
1554 3046 1635 3127 &
1699 3050 1779 3123 in
1845 3069 2138 3125 atomos
2214 3049 2593 3131 minimos

670 3147 1158 3250 dispescitur,
1217 3146 1348 3225 sed
1396 3170 1616 3251 parce
1664 3145 2029 3230 solvitur:
2096 3148 2403 3249 perusta
2458 3175 2589 3235 ve·

670 3273 764 3326 ro
819 3272 962 3325 nec
1011 3247 1379 3348 dividitur
1409 3302 1433 3344 ,
1484 3272 1625 3326 nec
1684 3251 1923 3327 minui
1964 3248 2291 3331 videtur.

819 3402 914 3476 IN
963 3397 1204 3475 home
1238 3398 1562 3477 solvitur
1612 3402 1824 3501 prior
1857 3426 2030 3479 cum
2075 3398 2592 3483 effervescen-

641 3505 820 3597 tia,
871 3498 1246 3601 posterior
1296 3502 1431 3577 vix
1480 3501 1663 3579 ullas
1726 3502 2007 3582 crustat
2056 3502 2321 3581 bullas,

816 3640 910 3713 IN
929 3638 1068 3731 sale
1093 3643 1589 3733 microcosmico
1621 3644 1887 3721 eadem
1919 3666 2333 3722 occurrunt
2372 3646 2597 3747 phae·

542 3732 548 3737 ’
668 3764 1042 3835 nomena,
1122 3742 1251 3821 sed
1315 3744 1581 3851 paullo
1654 3744 1902 3844 major
1968 3768 2285 3847 apparet
2326 3746 2595 3825 effer-

669 3844 1072 3925 vescentia.
1413 3926 1417 3933 ,
2160 3944 2170 3957 ⁸
2366 3849 2593 3926 Pan-:-
