2760 4749
893 341 1025 435 De
1078 338 1500 460 Arfim‘co.
1995 373 2164 458 299

240 558 491 665 phuri
523 556 607 636 &
652 553 993 634 arsenico
1026 554 1472 652 adunantur,
1505 577 1708 636 certa
1752 554 1950 637 ἀοῦς
1983 581 2160 638 cum

246 661 821 764 auripigmento
902 658 985 735 δε
1074 656 1406 762 rifigallo
1480 658 1816 760 copulari
1887 658 2155 761 potest.

244 759 631 863 Lapidem
660 816 684 854 ,
732 757 1143 862 Pyrmiso'n
1211 757 1540 854 dietum,
1601 781 1818 837 antea
1863 782 2158 838 memo-

242 865 591 943 ravimus
663 859 767 961 (ᾗ.
810 859 963 952 VI,
1032 859 1129 956 E)
1158 911 1180 950 ‚
1232 859 1632 960 pluresque
1701 861 1848 937 huc
1921 863 2163 964 perti-

240 985 525 1041 nentes
578 963 913 1040 mineras
982 959 1070 1062 (§.
1116 959 1377 1058 VIII),
1443 986 1624 1061 quas
1687 965 1914 1040 etiam
1995 978 2166 1040 arte
2261 1012 2265 1016 -

240 1064 537 1142 imit'ari
582 1066 782 1140 licet.
886 1061 1365 1164 Argentum,
1419 1061 1803 1142 mediante
1871 1064 2152 1164 auripi-

238 1185 571 1272 gmento
614 1161 915 1242 fufion'e
964 1162 1587 1256 mineralisatum‚
1639 1161 2162 1264 ejusdemmi-

240 1291 519 1345 ueram
612 1266 920 1343 rubram
1008 1263 1345 1342 exhibet.
1491 1263 1792 1343 Ceterae
1867 1263 2160 1344 facilius

236 1365 783 1451 conficiuntur.

408 1517 528 1618 B)
610 1517 795 1599 Cuu
862 1515 1200 1596 arsenico
1264 1509 1784 1596 'mineralisato
1849 1517 2195 1596 Nitrum,

236 1619 715 1710 alkalisatur,
744 1643 893 1738 qua
929 1640 1227 1720 partem
1267 1643 1592 1738 namque
1637 1639 1810 1738 cum
1849 1617 2148 1736 sulphu-

232 1721 1222 1924 ξὲιίεὲῗέῃξιῗὲέῳῗὲἓῃὲἓῗ
1249 1719 2149 1922 f35ffi2¹⁶3sae<¹1320¹¹¹¹f253

232 1923 637 2030 regmina,
691 1923 1026 2000 detonat.
1141 1919 1402 2000 Alkali
1472 1920 1934 2000 denudatum
2018 1922 2148 2000 vei
2211 1973 2218 1980 -

232 2051 417 2104 cum
492 2023 715 2102 acido
772 2022 1145 2125 sulphuris
1213 2020 1438 2122 salem
1522 2047 1882 2126 procreat
1913 2077 1936 2118 ,
2071 2025 2150 2100 ui

228 2125 480 2231 vulgo
533 2123 1065 2229 polychrestus
1120 2145 1485 2217 vocatur,
1531 2125 1658 2203 vel
1709 2151 1886 2203 cum.
1953 2149 2036 2212 ar,
2069 2147 2152 2206 e·

232 2229 421 2308 nico
470 2229 742 2308 intime
789 2226 1183 2334 copulatur
1231 2226 1332 2332 (ᾗ,
1374 2227 1536 2320 Vr,
1582 2226 1720 2322 D).
1793 2321 1798 2326 ⁸

393 2382 497 2481 C)
543 2381 842 2476 Autan
874 2378 1112 2470 fixum
1184 2380 1746 2483 auripigmento
1809 2377 1936 2457 vel
1992 2366 2162 2457 rifi:

226 2482 445 2589 gailo
536 2480 720 2583 justa
774 2479 935 2561 dofi
987 2478 1369 2573 additum,
1422 2482 1504 2560 ὃς
1553 2482 1717 2585 igni
1792 2480 2148 2559 sublima·

228 2585 443 2663 torio
494 2582 963 2683 expofitum,
1031 2580 1343 2681 sulphur
1397 2582 1614 2687 figit,
1669 2579 2146 2660 arsenicive·

229 2711 322 2762 ro
384 2688 797 2761 maximam
867 2702 1163 2784 partem
1240 2682 1516 2773 mittit,
1585 2681 1814 2757 maffa
1881 2704 2146 2763 tamen

226 2786 580 2887 hepatica
628 2784 1038 2885 quidquam
1085 2784 1362 2861 retinet
1400 2841 1424 2879 ,
1471 2782 1592 2875 &‚
1659 2782 1993 2883 fivalkali
2062 2807 2144 2865 a·

228 2886 557 2983 bundat‚
606 2885 925 2965 arsenici
976 2884 1141 2965 fere
1192 2884 1382 2964 nihil
1427 2884 1839 2962 adscendit.

380 3038 497 3139 D)
547 3036 1213 3115 Aummmmwu
1266 3060 1438 3115 cum
1505 3036 1742 3136 dupio
1809 3036 1935 3115 'vel
2008 3042 2141 3116 tri-

225 3140 361 3243 plo
398 3144 731 3215 mercurii
768 3134 1125 3227 sublimati
1164 3138 1484 3235 corrcfivi
1528 3140 1606 3211 in
1643 3134 2136 3219 destillatione
2253 3198 2266 3215 .-

224 3243 383 3317 duo
437 3240 726 3341 praebet
770 3238 1097 3338 liquida,
1145 3264 1311 3335 quae
1358 3236 1831 3314 commisceri
1860 3263 2138 3340 neque-

222 3364 385 3421 unt.
440 3340 796 3419 Tandem
850 3338 1067 3415 austo
1120 3342 1301 3441 igne
1352 3341 1777 3420 cinnabaris
1824 3340 2137 3418 adscen-

222 3442 358 3519 dit.
467 3444 559 3519 ln
636 3442 1051 3541 recipiente
1102 3441 1492 3543 butyrum
1571 3439 1889 3516 arsenici
1963 3440 2135 3519 fun*

220 3543 407 3619 dum
454 3544 689 3641 petit.
738 3540 1261 3643 perlucidum,
1328 3564 1426 3618 ex
1499 3538 1946 3642 ferrugineo
2011 3542 2132 3619 fu-

116 3722 118 3727 .
221 3645 471 3733 scum,
520 3646 599 3718 in
653 3654 825 3722 a’e're
886 3664 1154 3742 aperto
1215 3643 1438 3717 initio
1515 3641 1808 3721 fumum
1883 3640 2132 3721 vifibi-

216 3746 373 3831 lem
431 3744 837 3845 albumque
898 3739 1201 3845 copiose
1250 3765 1658 3836 evomenS,
1731 3742 2154 3821 humidum..

1989 3863 2126 3921 ,Εἰσ-
