2760 4749
721 310 822 397 43
835 312 885 373 2
937 278 1065 373 De
1091 280 1611 429 ntineraernm
1642 278 2109 392 Docimalz‘a
2148 284 2516 381 humidas

2705 358 2711 485 ’ῐ

715 520 814 575 na
839 548 866 591 ‚
939 520 1110 615 quae
1181 515 1439 577 tamen
1504 494 1702 577 inter
1778 500 2129 578 materias
2203 502 2620 605 cupriferas
2708 548 2710 557 ·

713 596 898 677 huic
938 598 1282 679 minet-ali
1331 597 1587 677 locum
1621 596 2203 681 concedendum
2260 604 2411 686 effe
2439 661 2465 703 ,
2506 632 2619 686 ex·

712 720 832 779 tra
865 696 1358 778 dubitationis
1390 700 1630 779 aleam
1654 723 1975 801 ponunt.
2030 702 2405 785 Continet
2439 735 2617 812 prae.
2708 693 2713 757 ἑ

713 818 925 879 terea
975 799 1389 903 pauxillum
1444 802 1769 907 argillae,
1816 802 1944 881 sed
1990 828 2355 908 quantum
2392 835 2617 911 malo·

714 907 787 981 ti
837 904 1062 1007 copia
1107 902 1635 983 extricandum
1686 902 1931 984 restat.

1161 1056 1606 1265 Miner}
1642 1056 2159 1269 flgciriferae.

867 1324 1425 1401 vomuissmt
1484 1320 1700 1421 hujus
1755 1322 2037 1401 metalli
2102 1323 2391 1424 ubique
2461 1323 2616 1401 fere

711 1423 792 1502 in
843 1446 1091 1529 regno
1139 1422 1497 1501 minerali
1544 1423 1861 1529 vestigia
1900 1426 2449 1518 inveniuntur,
2486 1430 2613 1502 mi-

712 1550 920 1603 nerae
964 1546 1264 1617 tamen,
1325 1521 1511 1601 illud
1590 1527 1959 1604 vehentes
2033 1524 2379 1621 uberius,
2465 1552 2614 1603 non

710 1628 850 1705 nisi
897 1624 1247 1727 sulphure
1293 1624 1918 1717 mineralisatutn‚
1972 1626 2099 1703 vel
2147 1626 2319 1728 plus
2369 1630 2615 1703 minus

713 1726 1154 1806 calciforme
1204 1724 1561 1805 offerunt.
1631 1727 1886 1804 Acido
1943 1728 2337 1804 vitrioiico
2388 1752 2613 1829 parce

710 1850 1034 1931 nuptum
1087 1831 1506 1930 reperitur,
1568 1827 1651 1908 &
1723 1826 2083 1906 rariffime
2144 1826 2290 1906 sub
2368 1830 2611 1909 forma

619 1985 626 1996 -
709 1931 1079 2009 metallica
1130 1930 1535 2033 completa.

863 2084 958 2161 A
1065 2083 1270 2161 Nou
1341 2083 1634 2181 serrum
1733 2084 2157 2185 reperiatur
2241 2084 2567 2158 nativum
2588 2136 2611 2175 ,

706 2209 870 2262 non
975 2208 1103 2260 um
1164 2184 1365 2262 inter
1434 2182 1511 2261 se
1567 2184 2042 2289 Mineralogi
2116 2186 2611 2262 conveniunt.

700 2286 830 2365 De
883 2285 1224 2363 Siberico
1284 2286 1701 2363 etiamnum
1753 2284 2208 2388 disceptatur
2259 2286 2343 2362 δι
2414 2306 2612 2363 certe

704 2390 975 2496 negari
1026 2413 1186 2464 non
1229 2385 1517 2488 potest,
1564 2389 1748 2488 quin
1817 2389 2173 2464 cavitates
2224 2387 2306 2464 in
2363 2387 2615 2464 sen-ea

703 2489 939 2568 hacce
985 2486 1212 2566 maffa
1251 2488 1490 2566 fusam
1535 2487 1869 2566 referant
1916 2489 1998 2567 &
2070 2487 2616 2590 spumescentia

707 2589 911 2692 quafi
963 2591 1347 2683 inflatam,
1412 2593 1624 2667 varia
1688 2611 1938 2666 tamen
2015 2589 2160 2668 alia
2220 2611 2615 2668 momenta

705 2692 909 2770 hanc
955 2693 1537 2795 operationem,
1588 2689 1643 2768 fi
1720 2703 2082 2792 umquam
2150 2689 2417 2786 locum
2488 2690 2615 2770 ha·

701 2794 907 2888 buit,
951 2793 1106 2871 fine
1178 2793 1354 2870 artis
1411 2789 1851 2892 adjumento
1926 2789 2201 2870 fastam
2292 2794 2617 2890 innuere

703 2894 1087 2974 videntur.
1227 2891 1565 2997 Lapidea
1658 2895 2025 2988 materia,
2097 2919 2267 2994 quae
2336 2917 2619 2972 omnes

703 2998 1064 3074 cavitates
1113 2995 1427 3098 opplet,
1473 2995 1707 3102 longe
1754 2993 1929 3072 sane
1984 2996 2166 3071 alius
2230 2991 2336 3073 est
2398 2995 2617 3072 indo-

698 3097 839 3190 lis,
911 3121 1137 3201 quam
1229 3097 1497 3175 scoriae
1559 3097 1641 3172 in
1696 3094 1970 3173 nostris
2022 3095 2267 3185 furnis
2325 3097 2613 3198 produ·

698 3197 885 3293 stat,
931 3220 1014 3275 ut
1061 3197 1277 3275 fitum
1319 3200 1646 3298 aliasque
1692 3222 1815 3276 res
1880 3197 2449 3276 circumstantes
2530 3197 2615 3276 fi-

698 3297 941 3377 lentio
1015 3321 1573 3400 praetereamus.
1701 3297 1957 3401 Ipsum
2029 3297 2321 3378 ferrum
2390 3297 2613 3402 frigi·

699 3403 884 3477 dum
918 3455 942 3496 ,
1003 3400 1128 3477 vel
1177 3398 1485 3478 modice
1544 3393 1976 3478 calefactum
2054 3425 2433 3504 perquam
2512 3423 2611 3476 te-

699 3527 850 3582 nax
918 3502 1296 3606 reperitur
1347 3501 1429 3579 &
1482 3501 1759 3580 malleo
1825 3500 2357 3602 obsequiosum
2386 3561 2413 3596 ‚
2480 3499 2609 3580 sed

699 3603 1033 3684 candens
1076 3603 1562 3707 fragilitatem
1604 3605 2009 3682 contrahit.
2110 3603 2483 3682 Ceterum
2522 3627 2609 3678 o·

699 3710 971 3791 mnino
1019 3709 1127 3784 uti
1175 3709 1463 3786 terrum
1510 3704 1768 3784 cusum
1816 3707 1887 3785 se
1950 3709 2150 3815 gerit
2229 3707 2361 3785 via
2420 3703 2607 3783 ficca

2482 3827 2603 3882 ex-
