2760 4749
607 345 751 440 ,De
813 345 1031 434 Tubo
1065 345 1780 458 ferruminatoriO.
2006 368 2166 463 485
2281 317 2287 327 ι

425 558 810 635 REsPEe-ru
859 555 1287 656 sufibilitatis
1339 559 1939 662 Hydrargyrum
1989 587 2166 663 pro·

271 659 564 733 ximum
629 659 1007 736 constituit
1063 683 1531 752 extremum,
1601 664 1881 761 quippe
1956 663 2167 760 quod

271 783 351 834 ut
397 760 574 833 fluat
647 761 867 835 talem
933 782 1213 834 tantum
1283 762 1595 862 requirit
1662 763 1951 834 caloris.
2000 787 2167 864 gra·

270 859 490 947 dum,
547 860 844 958 qualem
909 858 1071 935 fere
1145 885 1550 959 numquam
1623 861 1700 936 in
1775 860 2163 960 superficie
2208 862 2246 901 ’·

268 953 551 1034 telluris
603 959 1124 1037 defideramuS.
1234 964 1390 1038 Vix
1442 964 1668 1064 igitur
1724 960 1857 1034 nisi
1928 961 2161 1063 frigo·

265 1082 348 1134 re
402 1082 557 1134 arte
591 1060 804 1135 aueto
853 1053 1278 1136 induratum
1330 1071 1759 1162 comparet,
1800 1059 1923 1136 sed
1972 1059 2159 1136 sem·

262 1184 406 1258 per
461 1159 703 1235 fusum
735 1216 753 1250 ,
807 1159 1102 1261 semper
1146 1161 1482 1236 fluidum.
1602 1163 1800 1240 Dein
1858 1161 2157 1266 {ordine

261 1259 597 1356 sequenti
670 1262 897 1340 calori
974 1261 1282 1352 cedunt,
1335 1259 1722 1337 'nimirum
1800 1261 2157 1338 facillime

263 1363 663 1453 Stannum,
722 1359 1140 1436 Vismutum
1179 1415 1199 1452 2
1280 1363 1709 1452 Plumbum,
1786 1363 2157 1454 Zincum‚

259 1463 798 1538 Antimonium
828 1520 851 1552 ,
902 1464 1328 1563 Argentum
1365 1515 1385 1549 ,
1433 1465 1773 1550 Aurum,
1858 1461 2161 1535 Arseni·

261 1587 479 1649 cum,
539 1563 984 1652 Cobaltum,
1045 1561 1498 1650 Niccolum‚
1561 1561 1921 1650 Ferrum,
1991 1563 2159 1636 Ma-

260 1659 598 1763 gnefium
680 1663 759 1736 &
823 1661 1131 1735 tandem
1207 1662 1532 1750 Platina,
1612 1687 1775 1758 quae
1842 1661 2157 1737 alterum

257 1760 487 1836 efficit
530 1757 1006 1858 extremum,
1089 1760 1617 1862 Hydrargyro
1670 1759 2097 1862 oppositum
2131 1819 2156 1856 ‚

257 1863 540 1961 quippe
642 1886 805 1959 quae
878 1864 1012 1934 vix
1081 1863 1210 1934 nili
1275 1864 1354 1935 in
1422 1861 1599 1935 foco
1665 1858 1941 1960 speculi
1995 1885 2154 1936 cau-

255 1963 417 2040 stici
473 1961 657 2036 fluit.
762 1962 992 2054 Tube
1042 1958 1651 2036 ferruminatorio
1710 1964 1967 2036 omnia
2034 1986 2155 2036 ce·

253 2062 443 2138 dunt
499 2062 648 2136 fine
702 2061 852 2138 ullo
901 2059 1386 2153 adminiculo,
1438 2084 1713 2161 praeter
1755 2065 1927 2136 bina
1980 2063 2154 2140 ulti-

253 2188 426 2254 ma,
479 2161 760 2237 ferrum
815 2186 1114 2262 quoque
1155 2161 1408 2236 cusum
1462 2165 1592 2236 vix
1648 2166 1984 2262 cogitur,
2040 2162 2150 2238 fu·

163 2335 170 2340 .
254 2261 414 2340 sum
475 2287 662 2338 vero
718 2261 1078 2362 perfee'ce.
2142 2259 2147 2264 ’

407 2434 766 2507 ΒΑτΙοΝΕ
812 2432 1064 2507 habita
1127 2430 1455 2521 fixitatis
1529 2431 1895 2505 nonnulla
1968 2435 2147 2534 igne

255 2554 417 2637 tota
463 2554 737 2630 quanta
793 2534 1136 2621 avolant,
1182 2532 1318 2607 alia
1367 2556 1512 2631 qua
1561 2554 1857 2633 partem
1904 2536 1999 2625 in,
2034 2532 2145 2609 fu-

251 2660 462 2711 mum
506 2636 708 2723 lente
757 2632 1260 2711 resolvuntur.

395 2818 772 2893 Mra-mm
827 2813 984 2891 fusa
1018 2813 1483 2917 globularem
1538 2812 1951 2889 adsciscunt
1992 2813 2142 2889 for·

243 2923 493 3008 mam,
538 2919 858 3015 ideoque
919 2914 1275 2990 facillime
1340 2916 1666 2990 rotan'do
1744 2915 2145 3011 decidunt,
2246 2946 2249 2951 ·

241 3017 661 3119 praesertim
715 3018 767 3093 fi
822 3014 1338 3119 magnitudine
1395 3017 1677 3116 piperis
1744 3040 1976 3116 grana
2054 3042 2143 3089 ae·

240 3118 676 3198 mulantur.·
754 3118 864 3191 Ut
950 3122 1197 3211 itaque
1280 3116 1595 3203 restent,
1663 3120 1785 3193 vel
1846 3120 2144 3191 minora

239 3219 672 3293 adhibenda
713 3217 884 3294 sunt
927 3215 1277 3307 frustula,
1335 3216 1460 3292 vel
1511 3220 1591 3290 in
1642 3215 1891 3307 fovea,
1934 3218 2145 3317 apice

239 3319 459 3425 cultri
513 3321 590 3392 in
623 3318 952 3393 carbone
1005 3339 1409 3407 excavata,
1467 3318 1923 3394 collocanda.
1982 3318 2143 3392 Pri-

237 3444 377 3495 mo
447 3440 842 3495 momento
926 3415 1162 3493 nitida
1253 3418 1494 3493 fluunt
1554 3418 1999 3518 superficie,
2062 3416 2143 3490 &

200 3520 436 3615 *hanc
476 3542 775 3619 quoque
837 3516 1132 3618 semper
1180 3514 1507 3593 retinent
1547 3512 1870 3609 nobilia,
1925 3521 2136 3618 igno·

234 3618 414 3697 bilia
471 3644 657 3695 vero
703 3612 857 3694 c'ito
912 3619 1401 3699 obscurantur
1437 3618 1781 3717 pellicula
1832 3617 2141 3689 calcina-

235 3740 354 3809 τε,
435 3720 734 3797 Scilicet
779 3728 903 3795 aer
958 3718 1298 3893 engiens
1355 3740 1630 3816 magna
1682 3722 1762 3795 vi
1828 3716 2137 3887 phlggi·

1147 3820 1199 3894 h
1255 3845 1294 3916 3
2033 3837 2139 3888 on
