<?xml version="1.0" encoding="UTF-8"?>
<!DOCTYPE html PUBLIC "-//W3C//DTD XHTML 1.0 Transitional//EN"
    "http://www.w3.org/TR/xhtml1/DTD/xhtml1-transitional.dtd">
<html xmlns="http://www.w3.org/1999/xhtml" xml:lang="en" lang="en">
 <head>
  <title>
</title>
<meta http-equiv="Content-Type" content="text/html;charset=utf-8" />
  <meta name='ocr-system' content='tesseract 3.04.00' />
  <meta name='ocr-capabilities' content='ocr_page ocr_carea ocr_par ocr_line ocrx_word'/>
</head>
<body>
  <div class='ocr_page' id='page_1' title='image "./opusculaphysica04berggoog/opusculaphysica04berggoog_0221.png"; bbox 0 0 2760 4749; ppageno 0'>
   <div class='ocr_carea' id='block_1_1' title="bbox 650 259 2167 437">
    <p class='ocr_par' dir='ltr' id='par_1_1' title="bbox 650 259 2167 437">
     <span class='ocr_line' id='line_1_1' title="bbox 650 259 2167 437; baseline -0.001 -20"><span class='ocrx_word' id='word_1_1' title='bbox 650 327 774 417; x_wconf 86' lang='lat' dir='ltr'>De</span> <span class='ocrx_word' id='word_1_2' title='bbox 846 259 1217 412; x_wconf 23' lang='lat' dir='ltr'>Mineris&#39;</span> <span class='ocrx_word' id='word_1_3' title='bbox 1250 319 1474 436; x_wconf 72' lang='lat' dir='ltr'>firri</span> <span class='ocrx_word' id='word_1_4' title='bbox 1515 323 1745 414; x_wconf 83' lang='lat' dir='ltr'>albis.</span> <span class='ocrx_word' id='word_1_5' title='bbox 2007 352 2167 437; x_wconf 76' lang='lat'>217</span> 
     </span>
    </p>
   </div>
   <div class='ocr_carea' id='block_1_2' title="bbox 270 529 2186 1942">
    <p class='ocr_par' dir='ltr' id='par_1_2' title="bbox 270 529 2186 1942">
     <span class='ocr_line' id='line_1_2' title="bbox 274 529 2173 624; baseline 0.002 -16"><span class='ocrx_word' id='word_1_6' title='bbox 274 529 475 608; x_wconf 74' lang='lat' dir='ltr'>misit</span> <span class='ocrx_word' id='word_1_7' title='bbox 522 535 835 624; x_wconf 72' lang='lat' dir='ltr'>exilitas.</span> <span class='ocrx_word' id='word_1_8' title='bbox 886 536 1075 616; x_wconf 83' lang='lat' dir='ltr'><strong>Tale</strong></span> <span class='ocrx_word' id='word_1_9' title='bbox 1110 537 1334 613; x_wconf 86' lang='lat' dir='ltr'>etiam</span> <span class='ocrx_word' id='word_1_10' title='bbox 1374 534 1744 616; x_wconf 76' lang='lat' dir='ltr'>residuum</span> <span class='ocrx_word' id='word_1_11' title='bbox 1788 536 1924 614; x_wconf 84' lang='lat' dir='ltr'>alia</span> <span class='ocrx_word' id='word_1_12' title='bbox 1961 559 2173 612; x_wconf 86' lang='lat' dir='ltr'>men·</span> 
     </span>
     <span class='ocr_line' id='line_1_3' title="bbox 270 631 2173 738; baseline 0.002 -30"><span class='ocrx_word' id='word_1_13' title='bbox 270 631 473 708; x_wconf 86' lang='lat' dir='ltr'>strua</span> <span class='ocrx_word' id='word_1_14' title='bbox 523 636 908 712; x_wconf 75' lang='lat' dir='ltr'><strong>exhibent.</strong></span> <span class='ocrx_word' id='word_1_15' title='bbox 1016 638 1303 716; x_wconf 87' lang='lat' dir='ltr'>Solutio</span> <span class='ocrx_word' id='word_1_16' title='bbox 1355 639 1548 738; x_wconf 81' lang='lat' dir='ltr'>saepe</span> <span class='ocrx_word' id='word_1_17' title='bbox 1591 639 1847 719; x_wconf 84' lang='lat' dir='ltr'>colore</span> <span class='ocrx_word' id='word_1_18' title='bbox 1896 637 2173 738; x_wconf 82' lang='lat' dir='ltr'>gaudet</span> 
     </span>
     <span class='ocr_line' id='line_1_4' title="bbox 272 731 2176 841; baseline 0.002 -33"><span class='ocrx_word' id='word_1_19' title='bbox 272 731 537 828; x_wconf 83' lang='lat' dir='ltr'>fusco,</span> <span class='ocrx_word' id='word_1_20' title='bbox 585 739 716 835; x_wconf 89' lang='lat' dir='ltr'>qui</span> <span class='ocrx_word' id='word_1_21' title='bbox 768 735 972 812; x_wconf 87' lang='lat' dir='ltr'>forte</span> <span class='ocrx_word' id='word_1_22' title='bbox 1047 739 1408 830; x_wconf 79' lang='lat' dir='ltr'>martiali,</span> <span class='ocrx_word' id='word_1_23' title='bbox 1490 737 1872 841; x_wconf 80' lang='lat' dir='ltr'>magnefio</span> <span class='ocrx_word' id='word_1_24' title='bbox 1943 739 2176 814; x_wconf 83' lang='lat' dir='ltr'>inhae-</span> 
     </span>
     <span class='ocr_line' id='line_1_5' title="bbox 274 835 2174 926; baseline 0.002 -18"><span class='ocrx_word' id='word_1_25' title='bbox 274 836 517 926; x_wconf 84' lang='lat' dir='ltr'>renti,</span> <span class='ocrx_word' id='word_1_26' title='bbox 573 835 1107 918; x_wconf 80' lang='lat' dir='ltr'>adscribendus</span> <span class='ocrx_word' id='word_1_27' title='bbox 1164 837 1289 916; x_wconf 90' lang='lat' dir='ltr'>est.</span> <span class='ocrx_word' id='word_1_28' title='bbox 1394 839 1785 918; x_wconf 84' lang='lat' dir='ltr'>Ruborem</span> <span class='ocrx_word' id='word_1_29' title='bbox 1840 837 1974 916; x_wconf 85' lang='lat' dir='ltr'>vix</span> <span class='ocrx_word' id='word_1_30' title='bbox 2043 838 2174 912; x_wconf 85' lang='lat' dir='ltr'>ad-</span> 
     </span>
     <span class='ocr_line' id='line_1_6' title="bbox 274 936 2174 1039; baseline 0.001 -29"><span class='ocrx_word' id='word_1_31' title='bbox 274 937 533 1032; x_wconf 83' lang='lat' dir='ltr'>quirit.</span> <span class='ocrx_word' id='word_1_32' title='bbox 605 937 832 1015; x_wconf 80' lang='lat' dir='ltr'>&#39;Calx</span> <span class='ocrx_word' id='word_1_33' title='bbox 887 939 1050 1012; x_wconf 84' lang='lat' dir='ltr'>alba</span> <span class='ocrx_word' id='word_1_34' title='bbox 1118 936 1506 1039; x_wconf 86' lang='lat' dir='ltr'>suscipitur</span> <span class='ocrx_word' id='word_1_35' title='bbox 1572 939 1968 1030; x_wconf 80' lang='lat' dir='ltr'>facillime,</span> <span class='ocrx_word' id='word_1_36' title='bbox 2041 936 2174 1014; x_wconf 91' lang='lat' dir='ltr'>sub</span> 
     </span>
     <span class='ocr_line' id='line_1_7' title="bbox 272 1039 2174 1139; baseline 0.002 -29"><span class='ocrx_word' id='word_1_37' title='bbox 272 1059 427 1132; x_wconf 76' lang='lat' dir='ltr'>qua</span> <span class='ocrx_word' id='word_1_38' title='bbox 486 1040 933 1136; x_wconf 81' lang='lat' dir='ltr'>operatione</span> <span class='ocrx_word' id='word_1_39' title='bbox 986 1039 1282 1136; x_wconf 68' lang='lat' dir='ltr'>acidum</span> <span class='ocrx_word' id='word_1_40' title='bbox 1350 1041 1755 1139; x_wconf 86' lang='lat' dir='ltr'>expellitur</span> <span class='ocrx_word' id='word_1_41' title='bbox 1815 1051 2174 1128; x_wconf 72' lang='lat' dir='ltr'>aereum,</span> 
     </span>
     <span class='ocr_line' id='line_1_8' title="bbox 274 1136 2174 1238; baseline 0.002 -26"><span class='ocrx_word' id='word_1_42' title='bbox 274 1136 409 1213; x_wconf 83' lang='lat' dir='ltr'>sed</span> <span class='ocrx_word' id='word_1_43' title='bbox 464 1139 711 1220; x_wconf 81' lang='lat' dir='ltr'>nullus</span> <span class='ocrx_word' id='word_1_44' title='bbox 763 1139 1022 1238; x_wconf 86' lang='lat' dir='ltr'>prodit</span> <span class='ocrx_word' id='word_1_45' title='bbox 1066 1150 1191 1221; x_wconf 68' lang='lat' dir='ltr'>aer</span> <span class='ocrx_word' id='word_1_46' title='bbox 1242 1139 1588 1236; x_wconf 82' lang='lat' dir='ltr'>nitrosus.</span> <span class='ocrx_word' id='word_1_47' title='bbox 1693 1139 2174 1218; x_wconf 83' lang='lat' dir='ltr'>Menstruum</span> 
     </span>
     <span class='ocr_line' id='line_1_9' title="bbox 274 1231 2172 1340; baseline 0.001 -28"><span class='ocrx_word' id='word_1_48' title='bbox 274 1235 613 1314; x_wconf 83' lang='lat' dir='ltr'>satiatum</span> <span class='ocrx_word' id='word_1_49' title='bbox 674 1263 882 1334; x_wconf 80' lang='lat' dir='ltr'>aquae</span> <span class='ocrx_word' id='word_1_50' title='bbox 916 1231 1096 1340; x_wconf 81' lang='lat' dir='ltr'>&#39;prae</span> <span class='ocrx_word' id='word_1_51' title='bbox 1144 1239 1216 1314; x_wconf 88' lang='lat' dir='ltr'>se</span> <span class='ocrx_word' id='word_1_52' title='bbox 1272 1237 1419 1314; x_wconf 89' lang='lat' dir='ltr'>fert</span> <span class='ocrx_word' id='word_1_53' title='bbox 1471 1241 1779 1333; x_wconf 79' lang='lat' dir='ltr'>faciem,</span> <span class='ocrx_word' id='word_1_54' title='bbox 1819 1239 1951 1314; x_wconf 77' lang='lat' dir='ltr'>nisi</span> <span class='ocrx_word' id='word_1_55' title='bbox 1978 1265 2172 1316; x_wconf 86' lang='lat' dir='ltr'><strong>mar·</strong></span> 
     </span>
     <span class='ocr_line' id='line_1_10' title="bbox 272 1335 2173 1444; baseline 0.004 -33"><span class='ocrx_word' id='word_1_56' title='bbox 272 1335 451 1414; x_wconf 84' lang='lat' dir='ltr'>tiale</span> <span class='ocrx_word' id='word_1_57' title='bbox 504 1337 685 1418; x_wconf 89' lang='lat' dir='ltr'>adfit</span> <span class='ocrx_word' id='word_1_58' title='bbox 737 1341 1410 1437; x_wconf 81' lang='lat' dir='ltr'><strong>inquinamentum.</strong></span> <span class='ocrx_word' id='word_1_59' title='bbox 1487 1340 1680 1422; x_wconf 79' lang='lat' dir='ltr'>Calx</span> <span class='ocrx_word' id='word_1_60' title='bbox 1737 1342 1953 1442; x_wconf 84' lang='lat' dir='ltr'>nigra</span> <span class='ocrx_word' id='word_1_61' title='bbox 2000 1365 2173 1444; x_wconf 79' lang='lat' dir='ltr'>par-</span> 
     </span>
     <span class='ocr_line' id='line_1_11' title="bbox 274 1434 2186 1541; baseline 0.006 -31"><span class='ocrx_word' id='word_1_62' title='bbox 274 1434 557 1513; x_wconf 85' lang='lat' dir='ltr'>ciffime</span> <span class='ocrx_word' id='word_1_63' title='bbox 610 1437 969 1534; x_wconf 82' lang='lat' dir='ltr'>solvitur,</span> <span class='ocrx_word' id='word_1_64' title='bbox 1029 1466 1303 1541; x_wconf 83' lang='lat' dir='ltr'>magna</span> <span class='ocrx_word' id='word_1_65' title='bbox 1375 1463 1631 1520; x_wconf 85' lang='lat' dir='ltr'>tamen</span> <span class='ocrx_word' id='word_1_66' title='bbox 1707 1443 1927 1540; x_wconf 87' lang='lat' dir='ltr'>copia</span> <span class='ocrx_word' id='word_1_67' title='bbox 2011 1463 2186 1521; x_wconf 68' lang='lat' dir='ltr'>tam</span> 
     </span>
     <span class='ocr_line' id='line_1_12' title="bbox 275 1536 2174 1642; baseline 0 -25"><span class='ocrx_word' id='word_1_68' title='bbox 275 1537 455 1617; x_wconf 87' lang='lat' dir='ltr'>dem</span> <span class='ocrx_word' id='word_1_69' title='bbox 513 1536 853 1615; x_wconf 85' lang='lat' dir='ltr'>suturitas</span> <span class='ocrx_word' id='word_1_70' title='bbox 882 1545 1290 1641; x_wconf 79' lang='lat' dir='ltr'>attingitur.</span> <span class='ocrx_word' id='word_1_71' title='bbox 1372 1541 1912 1618; x_wconf 86' lang='lat' dir='ltr'>Additamenta</span> <span class='ocrx_word' id='word_1_72' title='bbox 1954 1541 2174 1642; x_wconf 84' lang='lat' dir='ltr'>phlo-</span> 
     </span>
     <span class='ocr_line' id='line_1_13' title="bbox 273 1635 2174 1741; baseline 0.004 -30"><span class='ocrx_word' id='word_1_73' title='bbox 273 1635 610 1740; x_wconf 81' lang='lat' dir='ltr'>gisticata</span> <span class='ocrx_word' id='word_1_74' title='bbox 658 1637 1109 1740; x_wconf 78' lang='lat' dir='ltr'>solutionem</span> <span class='ocrx_word' id='word_1_75' title='bbox 1162 1641 1611 1741; x_wconf 75' lang='lat' dir='ltr'>perficiunt,</span> <span class='ocrx_word' id='word_1_76' title='bbox 1669 1641 1798 1726; x_wconf 79' lang='lat' dir='ltr'>sed</span> <span class='ocrx_word' id='word_1_77' title='bbox 1861 1643 1950 1724; x_wconf 83' lang='lat' dir='ltr'>iis</span> <span class='ocrx_word' id='word_1_78' title='bbox 2011 1666 2174 1720; x_wconf 82' lang='lat' dir='ltr'>non</span> 
     </span>
     <span class='ocr_line' id='line_1_14' title="bbox 272 1739 2174 1846; baseline 0 -30"><span class='ocrx_word' id='word_1_79' title='bbox 272 1763 472 1840; x_wconf 88' lang='lat' dir='ltr'>opus</span> <span class='ocrx_word' id='word_1_80' title='bbox 517 1739 617 1820; x_wconf 89' lang='lat' dir='ltr'>est</span> <span class='ocrx_word' id='word_1_81' title='bbox 651 1795 673 1834; x_wconf 86' lang='lat'>‚</span> <span class='ocrx_word' id='word_1_82' title='bbox 743 1742 796 1820; x_wconf 90' lang='lat' dir='ltr'><strong>fi</strong></span> <span class='ocrx_word' id='word_1_83' title='bbox 854 1742 1149 1817; x_wconf 82' lang='lat' dir='ltr'>acidum</span> <span class='ocrx_word' id='word_1_84' title='bbox 1230 1743 1630 1818; x_wconf 86' lang='lat' dir='ltr'>adhibetur</span> <span class='ocrx_word' id='word_1_85' title='bbox 1696 1740 2174 1846; x_wconf 52' lang='lat' dir='ltr'>phlogistican</span> 
     </span>
     <span class='ocr_line' id='line_1_15' title="bbox 272 1840 2175 1942; baseline 0.002 -28"><span class='ocrx_word' id='word_1_86' title='bbox 272 1859 441 1916; x_wconf 90' lang='lat' dir='ltr'>tum</span> <span class='ocrx_word' id='word_1_87' title='bbox 491 1846 611 1940; x_wconf 84' lang='lat' dir='ltr'>m).</span> <span class='ocrx_word' id='word_1_88' title='bbox 672 1840 969 1918; x_wconf 86' lang='lat' dir='ltr'>Caloris</span> <span class='ocrx_word' id='word_1_89' title='bbox 1016 1841 1659 1942; x_wconf 70' lang='lat' dir='ltr'>decompositione</span> <span class='ocrx_word' id='word_1_90' title='bbox 1711 1844 1880 1924; x_wconf 84' lang='lat' dir='ltr'>heic</span> <span class='ocrx_word' id='word_1_91' title='bbox 1924 1842 2175 1919; x_wconf 82' lang='lat' dir='ltr'>minus</span> 
     </span>
    </p>
   </div>
   <div class='ocr_carea' id='block_1_3' title="bbox 156 1938 2272 2126">
    <p class='ocr_par' dir='ltr' id='par_1_3' title="bbox 156 1938 2272 2126">
     <span class='ocr_line' id='line_1_16' title="bbox 156 1938 2171 2042; baseline 0.001 -26"><span class='ocrx_word' id='word_1_92' title='bbox 156 2037 163 2042; x_wconf 17' lang='grc' dir='ltr'><em>ν</em></span> <span class='ocrx_word' id='word_1_93' title='bbox 275 1938 471 2024; x_wconf 77' lang='lat' dir='ltr'>effici</span> <span class='ocrx_word' id='word_1_94' title='bbox 496 1940 822 2035; x_wconf 88' lang='lat' dir='ltr'>videtur,</span> <span class='ocrx_word' id='word_1_95' title='bbox 857 1967 1086 2042; x_wconf 86' lang='lat' dir='ltr'>quum</span> <span class='ocrx_word' id='word_1_96' title='bbox 1122 1943 1579 2026; x_wconf 84' lang='lat' dir='ltr'>menstruum</span> <span class='ocrx_word' id='word_1_97' title='bbox 1618 1943 2000 2034; x_wconf 83' lang='lat' dir='ltr'>vitriolico</span> <span class='ocrx_word' id='word_1_98' title='bbox 2036 1968 2171 2022; x_wconf 90' lang='lat' dir='ltr'>vo·</span> 
     </span>
     <span class='ocr_line' id='line_1_17' title="bbox 274 2041 2272 2126; baseline 0.005 -12"><span class='ocrx_word' id='word_1_99' title='bbox 274 2041 544 2118; x_wconf 85' lang='lat' dir='ltr'>latilius</span> <span class='ocrx_word' id='word_1_100' title='bbox 584 2043 953 2120; x_wconf 86' lang='lat' dir='ltr'>debiliore</span> <span class='ocrx_word' id='word_1_101' title='bbox 984 2045 1237 2126; x_wconf 80' lang='lat' dir='ltr'>evolet</span> <span class='ocrx_word' id='word_1_102' title='bbox 1262 2044 1453 2126; x_wconf 81' lang='lat' dir='ltr'>oestu.</span> <span class='ocrx_word' id='word_1_103' title='bbox 1499 2044 1690 2120; x_wconf 82' lang='lat' dir='ltr'>Calx</span> <span class='ocrx_word' id='word_1_104' title='bbox 1728 2046 1992 2124; x_wconf 86' lang='lat' dir='ltr'>viridis</span> <span class='ocrx_word' id='word_1_105' title='bbox 2036 2059 2172 2122; x_wconf 52' lang='lat' dir='ltr'>eod</span> <span class='ocrx_word' id='word_1_106' title='bbox 2264 2117 2272 2124; x_wconf 95' lang='lat'>.</span> 
     </span>
    </p>
   </div>
   <div class='ocr_carea' id='block_1_4' title="bbox 274 2141 2170 2447">
    <p class='ocr_par' dir='ltr' id='par_1_4' title="bbox 274 2141 2170 2447">
     <span class='ocr_line' id='line_1_18' title="bbox 278 2141 2166 2248; baseline -0.001 -24"><span class='ocrx_word' id='word_1_107' title='bbox 278 2141 461 2224; x_wconf 84' lang='lat' dir='ltr'>dem</span> <span class='ocrx_word' id='word_1_108' title='bbox 510 2142 583 2219; x_wconf 88' lang='lat' dir='ltr'>se</span> <span class='ocrx_word' id='word_1_109' title='bbox 640 2149 835 2248; x_wconf 85' lang='lat' dir='ltr'>gerit</span> <span class='ocrx_word' id='word_1_110' title='bbox 874 2145 1121 2238; x_wconf 44' lang='lat' dir='ltr'>,modo</span> <span class='ocrx_word' id='word_1_111' title='bbox 1187 2169 1271 2222; x_wconf 83' lang='lat' dir='ltr'>ac</span> <span class='ocrx_word' id='word_1_112' title='bbox 1334 2147 1418 2225; x_wconf 79' lang='lat' dir='ltr'>in</span> <span class='ocrx_word' id='word_1_113' title='bbox 1490 2144 1705 2221; x_wconf 85' lang='lat' dir='ltr'>acido</span> <span class='ocrx_word' id='word_1_114' title='bbox 1764 2144 2166 2224; x_wconf 82' lang='lat' dir='ltr'>vitriolico.</span> 
     </span>
     <span class='ocr_line' id='line_1_19' title="bbox 276 2243 2170 2346; baseline 0 -28"><span class='ocrx_word' id='word_1_115' title='bbox 276 2243 705 2328; x_wconf 82' lang='lat' dir='ltr'>Solutiones</span> <span class='ocrx_word' id='word_1_116' title='bbox 760 2271 963 2345; x_wconf 80' lang='lat' dir='ltr'>puroe</span> <span class='ocrx_word' id='word_1_117' title='bbox 1018 2245 1251 2324; x_wconf 86' lang='lat' dir='ltr'>nullas</span> <span class='ocrx_word' id='word_1_118' title='bbox 1302 2248 1698 2346; x_wconf 79' lang='lat' dir='ltr'>deponunt</span> <span class='ocrx_word' id='word_1_119' title='bbox 1778 2245 2170 2346; x_wconf 82' lang='lat' dir='ltr'>crystallos</span> 
     </span>
     <span class='ocr_line' id='line_1_20' title="bbox 274 2341 2170 2447; baseline 0.003 -29"><span class='ocrx_word' id='word_1_120' title='bbox 274 2341 596 2440; x_wconf 80' lang='lat' dir='ltr'>solidaS,</span> <span class='ocrx_word' id='word_1_121' title='bbox 652 2347 997 2446; x_wconf 84' lang='lat' dir='ltr'>quamvis</span> <span class='ocrx_word' id='word_1_122' title='bbox 1042 2348 1266 2421; x_wconf 85' lang='lat' dir='ltr'>etiam</span> <span class='ocrx_word' id='word_1_123' title='bbox 1318 2344 1708 2429; x_wconf 69' lang='lat' dir='ltr'>lentissime</span> <span class='ocrx_word' id='word_1_124' title='bbox 1770 2365 2170 2447; x_wconf 78' lang='lat' dir='ltr'>vaporent-</span> 
     </span>
    </p>
   </div>
   <div class='ocr_carea' id='block_1_5' title="bbox 274 2497 2174 3699">
    <p class='ocr_par' dir='ltr' id='par_1_5' title="bbox 274 2497 2174 3687">
     <span class='ocr_line' id='line_1_21' title="bbox 430 2497 2173 2601; baseline -0.005 -25"><span class='ocrx_word' id='word_1_125' title='bbox 430 2499 910 2576; x_wconf 73' lang='lat' dir='ltr'>MAGNssstuM</span> <span class='ocrx_word' id='word_1_126' title='bbox 1004 2497 1429 2601; x_wconf 81' lang='lat' dir='ltr'>regulinum</span> <span class='ocrx_word' id='word_1_127' title='bbox 1513 2498 1729 2577; x_wconf 61' lang='lat' dir='ltr'>acidos</span> <span class='ocrx_word' id='word_1_128' title='bbox 1802 2498 2173 2571; x_wconf 79' lang='lat' dir='ltr'>muriatico</span> 
     </span>
     <span class='ocr_line' id='line_1_22' title="bbox 278 2594 2174 2695; baseline -0.005 -17"><span class='ocrx_word' id='word_1_129' title='bbox 278 2596 595 2682; x_wconf 84' lang='lat' dir='ltr'>solvitur</span> <span class='ocrx_word' id='word_1_130' title='bbox 639 2624 855 2680; x_wconf 83' lang='lat' dir='ltr'>more</span> <span class='ocrx_word' id='word_1_131' title='bbox 894 2597 1302 2691; x_wconf 71' lang='lat' dir='ltr'>consue-te,</span> <span class='ocrx_word' id='word_1_132' title='bbox 1351 2599 1681 2694; x_wconf 84' lang='lat' dir='ltr'>itemque</span> <span class='ocrx_word' id='word_1_133' title='bbox 1734 2599 1896 2675; x_wconf 83' lang='lat' dir='ltr'>calx</span> <span class='ocrx_word' id='word_1_134' title='bbox 1966 2594 2174 2695; x_wconf 79' lang='lat' dir='ltr'>alba,</span> 
     </span>
     <span class='ocr_line' id='line_1_23' title="bbox 278 2696 2169 2800; baseline -0.002 -24"><span class='ocrx_word' id='word_1_135' title='bbox 278 2702 523 2777; x_wconf 87' lang='lat' dir='ltr'>immo</span> <span class='ocrx_word' id='word_1_136' title='bbox 578 2702 654 2775; x_wconf 89' lang='lat' dir='ltr'>ni</span> <span class='ocrx_word' id='word_1_137' title='bbox 713 2726 793 2775; x_wconf 81' lang='lat' dir='ltr'>ra</span> <span class='ocrx_word' id='word_1_138' title='bbox 841 2704 921 2779; x_wconf 90' lang='lat' dir='ltr'>in</span> <span class='ocrx_word' id='word_1_139' title='bbox 982 2700 1276 2800; x_wconf 84' lang='lat' dir='ltr'>frigore</span> <span class='ocrx_word' id='word_1_140' title='bbox 1327 2697 1478 2773; x_wconf 86' lang='lat' dir='ltr'>hoc</span> <span class='ocrx_word' id='word_1_141' title='bbox 1544 2696 1737 2773; x_wconf 86' lang='lat' dir='ltr'>subit</span> <span class='ocrx_word' id='word_1_142' title='bbox 1807 2696 2169 2777; x_wconf 81' lang='lat' dir='ltr'>menstru-</span> 
     </span>
     <span class='ocr_line' id='line_1_24' title="bbox 274 2799 2170 2899; baseline -0.003 -25"><span class='ocrx_word' id='word_1_143' title='bbox 274 2826 451 2890; x_wconf 81' lang='lat' dir='ltr'>um,</span> <span class='ocrx_word' id='word_1_144' title='bbox 502 2826 653 2899; x_wconf 89' lang='lat' dir='ltr'>quo</span> <span class='ocrx_word' id='word_1_145' title='bbox 763 2802 943 2879; x_wconf 84' lang='lat' dir='ltr'>hinc</span> <span class='ocrx_word' id='word_1_146' title='bbox 998 2799 1335 2881; x_wconf 81' lang='lat' dir='ltr'>rubescit.</span> <span class='ocrx_word' id='word_1_147' title='bbox 1441 2809 1690 2873; x_wconf 84' lang='lat' dir='ltr'>Antea</span> <span class='ocrx_word' id='word_1_148' title='bbox 1717 2799 2019 2891; x_wconf 71' lang='lat' dir='ltr'>rubram</span> <span class='ocrx_word' id='word_1_149' title='bbox 2055 2799 2170 2869; x_wconf 86' lang='lat' dir='ltr'>ni-</span> 
     </span>
     <span class='ocr_line' id='line_1_25' title="bbox 278 2896 2168 3006; baseline 0.001 -31"><span class='ocrx_word' id='word_1_150' title='bbox 278 2924 423 3006; x_wconf 86' lang='lat' dir='ltr'>gra</span> <span class='ocrx_word' id='word_1_151' title='bbox 473 2900 1029 2977; x_wconf 72' lang='lat' dir='ltr'>in‘flammabilis</span> <span class='ocrx_word' id='word_1_152' title='bbox 1088 2901 1427 2975; x_wconf 85' lang='lat' dir='ltr'>materiei</span> <span class='ocrx_word' id='word_1_153' title='bbox 1477 2897 1834 2975; x_wconf 88' lang='lat' dir='ltr'>dit-iorem</span> <span class='ocrx_word' id='word_1_154' title='bbox 1913 2896 2168 2993; x_wconf 84' lang='lat' dir='ltr'>conje-</span> 
     </span>
     <span class='ocr_line' id='line_1_26' title="bbox 276 2998 2166 3101; baseline -0.005 -22"><span class='ocrx_word' id='word_1_155' title='bbox 276 3002 961 3101; x_wconf 68' lang='lat' dir='ltr'>EiavjmuS,.quod</span> <span class='ocrx_word' id='word_1_156' title='bbox 1039 3001 1295 3075; x_wconf 82' lang='lat' dir='ltr'>habitu</span> <span class='ocrx_word' id='word_1_157' title='bbox 1368 3000 1536 3075; x_wconf 90' lang='lat' dir='ltr'>heic</span> <span class='ocrx_word' id='word_1_158' title='bbox 1598 3001 1835 3075; x_wconf 90' lang='lat' dir='ltr'>obvio</span> <span class='ocrx_word' id='word_1_159' title='bbox 1892 2998 2166 3074; x_wconf 82' lang='lat' dir='ltr'>confir-</span> 
     </span>
     <span class='ocr_line' id='line_1_27' title="bbox 277 3097 2170 3203; baseline -0.003 -24"><span class='ocrx_word' id='word_1_160' title='bbox 277 3122 552 3179; x_wconf 84' lang='lat' dir='ltr'>matur.</span> <span class='ocrx_word' id='word_1_161' title='bbox 658 3104 953 3179; x_wconf 88' lang='lat' dir='ltr'>Scilicet</span> <span class='ocrx_word' id='word_1_162' title='bbox 1000 3101 1292 3182; x_wconf 77' lang='lat' dir='ltr'>acidum</span> <span class='ocrx_word' id='word_1_163' title='bbox 1348 3097 1509 3177; x_wconf 81' lang='lat' dir='ltr'>salis</span> <span class='ocrx_word' id='word_1_164' title='bbox 1564 3098 2003 3203; x_wconf 81' lang='lat' dir='ltr'>phlogiston</span> <span class='ocrx_word' id='word_1_165' title='bbox 2050 3098 2170 3173; x_wconf 90' lang='lat' dir='ltr'>fo-</span> 
     </span>
     <span class='ocr_line' id='line_1_28' title="bbox 278 3198 2170 3305; baseline -0.002 -25"><span class='ocrx_word' id='word_1_166' title='bbox 278 3225 412 3280; x_wconf 88' lang='lat' dir='ltr'>vet</span> <span class='ocrx_word' id='word_1_167' title='bbox 469 3200 694 3283; x_wconf 84' lang='lat' dir='ltr'>instar·</span> <span class='ocrx_word' id='word_1_168' title='bbox 760 3206 1117 3305; x_wconf 80' lang='lat' dir='ltr'>principii</span> <span class='ocrx_word' id='word_1_169' title='bbox 1187 3198 1702 3278; x_wconf 83' lang='lat' dir='ltr'>constituentis</span> <span class='ocrx_word' id='word_1_170' title='bbox 1769 3206 1885 3293; x_wconf 86' lang='lat' dir='ltr'>n),</span> <span class='ocrx_word' id='word_1_171' title='bbox 1955 3198 2170 3281; x_wconf 86' lang='lat' dir='ltr'>illud·</span> 
     </span>
     <span class='ocr_line' id='line_1_29' title="bbox 280 3299 2172 3402; baseline -0.002 -23"><span class='ocrx_word' id='word_1_172' title='bbox 280 3329 429 3402; x_wconf 85' lang='lat' dir='ltr'>que</span> <span class='ocrx_word' id='word_1_173' title='bbox 482 3305 561 3381; x_wconf 89' lang='lat' dir='ltr'>vi</span> <span class='ocrx_word' id='word_1_174' title='bbox 616 3302 955 3381; x_wconf 76' lang='lat' dir='ltr'>fortioris</span> <span class='ocrx_word' id='word_1_175' title='bbox 1015 3302 1470 3385; x_wconf 70' lang='lat' dir='ltr'>attrastionis</span> <span class='ocrx_word' id='word_1_176' title='bbox 1504 3325 1647 3402; x_wconf 87' lang='lat' dir='ltr'>qua</span> <span class='ocrx_word' id='word_1_177' title='bbox 1694 3326 1984 3401; x_wconf 81' lang='lat' dir='ltr'>partem</span> <span class='ocrx_word' id='word_1_178' title='bbox 2036 3299 2172 3375; x_wconf 80' lang='lat' dir='ltr'>fibi</span> 
     </span>
     <span class='ocr_line' id='line_1_30' title="bbox 278 3403 2171 3507; baseline -0.003 -28"><span class='ocrx_word' id='word_1_179' title='bbox 278 3406 725 3507; x_wconf 83' lang='lat' dir='ltr'>appropriat</span> <span class='ocrx_word' id='word_1_180' title='bbox 786 3406 949 3481; x_wconf 81' lang='lat' dir='ltr'>calx</span> <span class='ocrx_word' id='word_1_181' title='bbox 1022 3406 1238 3505; x_wconf 76' lang='lat' dir='ltr'>nigra</span> <span class='ocrx_word' id='word_1_182' title='bbox 1289 3403 1367 3478; x_wconf 77' lang='grc' dir='ltr'>δι</span> <span class='ocrx_word' id='word_1_183' title='bbox 1430 3403 1832 3501; x_wconf 85' lang='lat' dir='ltr'>quamdam</span> <span class='ocrx_word' id='word_1_184' title='bbox 1913 3403 2171 3499; x_wconf 81' lang='lat' dir='ltr'>adqui-</span> 
     </span>
     <span class='ocr_line' id='line_1_31' title="bbox 274 3496 2172 3687; baseline -0.002 -108"><span class='ocrx_word' id='word_1_185' title='bbox 274 3508 381 3581; x_wconf 85' lang='lat' dir='ltr'>rit</span> <span class='ocrx_word' id='word_1_186' title='bbox 456 3502 1005 3591; x_wconf 75' lang='lat' dir='ltr'>solubilitatem.</span> <span class='ocrx_word' id='word_1_187' title='bbox 1122 3503 1375 3679; x_wconf 60' lang='lat' dir='ltr'>galde</span> <span class='ocrx_word' id='word_1_188' title='bbox 1443 3506 1695 3586; x_wconf 84' lang='lat' dir='ltr'>laxum</span> <span class='ocrx_word' id='word_1_189' title='bbox 1763 3496 2172 3687; x_wconf 65' lang='lat' dir='ltr'>tamenhest</span> 
     </span>
    </p>

    <p class='ocr_par' dir='ltr' id='par_1_6' title="bbox 1262 3624 2168 3699">
     <span class='ocr_line' id='line_1_32' title="bbox 1262 3624 2168 3699; baseline -0.003 0"><span class='ocrx_word' id='word_1_190' title='bbox 1262 3630 1294 3699; x_wconf 89' lang='lat'>5</span> <span class='ocrx_word' id='word_1_191' title='bbox 2076 3624 2168 3681; x_wconf 77' lang='lat'>00</span> 
     </span>
    </p>
   </div>
   <div class='ocr_carea' id='block_1_6' title="bbox 369 3754 1526 3925">
    <p class='ocr_par' dir='ltr' id='par_1_7' title="bbox 369 3754 1526 3925">
     <span class='ocr_line' id='line_1_33' title="bbox 372 3754 1526 3844; baseline 0.008 -26"><span class='ocrx_word' id='word_1_192' title='bbox 372 3758 463 3837; x_wconf 86' lang='lat' dir='ltr'>m)</span> <span class='ocrx_word' id='word_1_193' title='bbox 500 3758 593 3823; x_wconf 87' lang='lat' dir='ltr'>N.</span> <span class='ocrx_word' id='word_1_194' title='bbox 644 3757 789 3821; x_wconf 70' lang='lat' dir='ltr'>Asta</span> <span class='ocrx_word' id='word_1_195' title='bbox 821 3754 963 3839; x_wconf 73' lang='lat' dir='ltr'>Upss</span> <span class='ocrx_word' id='word_1_196' title='bbox 1009 3759 1048 3823; x_wconf 86' lang='grc' dir='ltr'>Ι.</span> <span class='ocrx_word' id='word_1_197' title='bbox 1097 3775 1149 3825; x_wconf 79' lang='lat' dir='ltr'>c.</span> <span class='ocrx_word' id='word_1_198' title='bbox 1199 3776 1336 3837; x_wconf 78' lang='lat' dir='ltr'>pag.</span> <span class='ocrx_word' id='word_1_199' title='bbox 1386 3760 1526 3844; x_wconf 73' lang='lat'>198·</span> 
     </span>
     <span class='ocr_line' id='line_1_34' title="bbox 369 3840 1087 3925; baseline 0.001 -21"><span class='ocrx_word' id='word_1_200' title='bbox 369 3848 447 3919; x_wconf 77' lang='lat' dir='ltr'>n)</span> <span class='ocrx_word' id='word_1_201' title='bbox 492 3840 717 3906; x_wconf 75' lang='lat' dir='ltr'>Ibidem</span> <span class='ocrx_word' id='word_1_202' title='bbox 760 3862 896 3925; x_wconf 72' lang='lat' dir='ltr'>pag.</span> <span class='ocrx_word' id='word_1_203' title='bbox 940 3858 1087 3915; x_wconf 69' lang='lat'>202.</span> 
     </span>
    </p>
   </div>
  </div>
 </body>
</html>
