2760 4749
696 330 856 431 De.
906 332 1259 423 Mineris
1302 336 1568 425 Zinci.
1974 366 2132 451 339

228 542 489 621 rursus
542 542 999 623 descendere
1053 548 1352 649 incepit.
1460 547 1714 625 Pulvis
1766 547 1956 627 adeo
2018 553 2132 629 in·

224 644 724 739 duoescebat,
780 670 861 723 ut
915 650 1594 739 Thermemetrum
1647 651 1778 727 vix
1817 650 2128 730 illaesum

226 746 501 824 divelli
546 750 905 848 potuerit.

385 896 480 997 B)
542 896 723 974 Hoc
795 904 1402 1001 experimentum
1439 982 1442 995 ,
1482 901 1736 977 denuo
1797 900 2123 979 institue·

216 999 487 1091 batur,
532 1001 630 1075 ita
678 1024 931 1079 tamen
951 1036 979 1094 ·,
1026 1026 1106 1078 ut
1150 1004 1327 1079 loco
1378 1004 1567 1078 acidi
1620 1002 2020 1093 vitriolici,
2073 1030 2120 1081 2

216 1102 645 1176 centenarii
702 1103 895 1177 acidi
954 1103 1117 1179 salis
1168 1107 1302 1179 vix
1366 1102 1723 1180 fumantis
1803 1092 2122 1179 adhibiti
2235 1124 2242 1129 ·

214 1199 529 1277 fuerint.
636 1204 1071 1280 Vehemens
1122 1205 1316 1281 odor
1354 1205 1740 1305 hepaticus
1790 1228 1962 1280 cum
2011 1206 2123 1280 in-

213 1300 415 1404 figni
466 1303 1390 1406 effervescentia‘prodiit,
1425 1306 1954 1411 hydrargyrus
1997 1328 2123 1382 ve-

212 1430 313 1481 ro
376 1406 951 1483 Thermometri
997 1409 1357 1482 immotus
1410 1406 1695 1482 manfit.

368 1554 468 1653 C)
542 1554 879 1648 EJusnEM
952 1560 1265 1633 minerae
1352 1558 1634 1657 aequale
1698 1558 2000 1660 pondus
2065 1585 2113 1641 2

210 1661 674 1735 centenariis
738 1658 933 1735 acidi
1002 1660 1183 1733 nitri
1271 1655 1671 1748 fumantis,
1751 1662 2114 1759 portione

218 1783 435 1859 aquae
489 1762 775 1837 anatica
814 1758 1075 1861 diluti,
1125 1755 1508 1858 perfusum
1539 1810 1560 1851 ,
1622 1758 1863 1835 statim
1915 1763 2115 1837 intu-

213 1857 597 1951 mescere,
656 1884 1171 1963 vaporemque
1229 1858 1482 1935 rufum
1528 1859 1778 1936 efflare
1831 1864 2112 1962 coepit,

210 1960 495 2060 absque
547 1961 701 2037 ullo
748 1960 990 2037 odore
1042 1962 1418 2062 hepatico.
1513 1960 1746 2037 Calor
1795 1964 1925 2061 qui
1993 1966 2112 2039 in-

208 2082 335 2137 tra
378 2086 431 2159 4
478 2064 943 2138 minutorum
990 2083 1286 2163 tempus
1342 2063 1514 2138 heic
1586 2061 1961 2140 oriebatur
2016 2078 2108 2149 -ι-

208 2184 307 2257 75
362 2187 477 2265 gr.
528 2160 691 2241 fuit.

372 2316 648 2392 Mass».
708 2312 1043 2406 residua,
1089 2312 1284 2391 bene
1357 2338 1507 2418 ope
1569 2338 1778 2416 aquae
1843 2310 2105 2393 calidae

206 2414 523 2514 elixata,
582 2417 865 2494 nullum
922 2417 1099 2491 dein
1150 2441 1322 2492 cum
1377 2415 1606 2492 acidis
1646 2471 1668 2508 ‚
1721 2417 2102 2494 vitriolico

208 2517 339 2593 vel
403 2520 798 2594 muriatico
821 2572 841 2612 ‚
871 2519 1264 2620 generavit
1288 2515 1609 2594 odorem
1644 2517 2098 2618 hepaticum.

362 2671 469 2770 D)
530 2674 799 2747 VAPoa
860 2672 1278 2771 hepaticus,
1341 2694 1567 2769 quem
1629 2665 1926 2744 acidum
1979 2668 2100 2746 via

208 2770 417 2847 trioli
476 2796 624 2867 ope
672 2772 943 2846 caloris
994 2796 1036 2848 e
1092 2773 1530 2846 centenario
1583 2769 1939 2862 exhibet,
2014 2772 2098 2848 in

202 2871 711 2976 hydrargyro
755 2873 1107 2950 collestus
1138 2930 1161 2964 ‚
1240 2897 1283 2948 2
1322 2899 1329 2906 ·
1344 2870 1741 2972 pollicibus
1815 2872 2098 2947 cubicis

202 2977 658 3073 aequivalere
706 2975 1241 3076 reperiebatur.
1345 2971 1674 3046 Acidum
1729 2994 1921 3049 vero
1985 2971 2096 3048 sa·

200 3076 298 3150 lis
347 3097 443 3150 ex
522 3075 785 3152 eadem
843 3078 1253 3175 quantitate
1309 3098 1353 3169 7
1434 3071 1744 3173 pollices
1821 3067 2093 3157 elicuit.

198 3177 266 3252 F
270 3197 485 3251 umus
540 3175 762 3250 ruber
823 3200 917 3252 ex
966 3174 1229 3252 adfuso
1272 3173 1493 3251 acido
1551 3171 1838 3249 nitroso
1885 3195 2094 3250 ortus

200 3278 477 3374 (mom.
542 3277 679 3368 C),
744 3277 1077 3355 instituto
1169 3281 1559 3370 examine,
1645 3272 1833 3352 nihil
1891 3274 2091 3373 aliud

200 3375 352 3452 effe
418 3379 1014 3554 1inveniebatur,
1106 3403 1329 3478 quam
1412 3375 1630 3483 quod,
1683 3387 1808 3452 aer
1889 3377 2093 3452 audit

198 3500 411 3554 nitro
452 3503 555 3556 us.
1282 3509 1295 3526 ·

360 3633 473 3735 Ε)
522 3639 755 3714 Aems
809 3636 1135 3738 hepatici
1188 3629 1543 3721 dimidius
1590 3633 2088 3742 quadrans.in

194 3733 474 3838 lagena
521 3735 821 3816 inversa
868 3737 1247 3916 colleguS,
1296 3757 1465 3822 aere
1511 3747 1800 3826 nitroso
1847 3756 2088 3872 aequ}-

1174 3865 1223 3920 2
1993 3861 2085 3912 ΑΒ
