2760 4749
732 366 900 470 460
1132 366 1255 452 De
1319 363 1553 450 Tubo
1598 361 2321 481 ferruminaetorio.

723 572 988 654 sertim
1043 577 1377 656 adhibeo
1400 631 1423 668 ,
1467 603 1796 678 quorum
1848 584 2139 683 primus
2208 583 2445 662 acida
2470 639 2499 679 ,
2550 585 2653 664 se·

725 677 1020 756 eundus
1105 680 1435 759 alkalina
1528 679 1613 759 &
1700 687 1960 760 tertius
2054 683 2313 763 media
2374 688 2651 792 gaudet

723 800 1016 858 natura.

883 941 1199 1016 ActhM
1251 933 1639 1037 Phosphori
1688 936 1814 1015 vel
1858 945 2107 1042 potius
2142 939 2313 1035 Sal,
2343 944 2496 1042 qui
2526 947 2643 1020 mi·

725 1041 1226 1118 crocosmicus
1296 1040 1535 1144 vulgo
1604 1039 1850 1132 audit,
1930 1040 2117 1116 illud
2186 1050 2645 1136 continens,

725 1167 873 1242 qua
941 1164 1239 1244 partem
1307 1143 1533 1218 alkali
1610 1144 2011 1234 minerali,‘
2058 1169 2205 1243 qua
2272 1147 2643 1248 reliquam

721 1265 974 1322 autem
1030 1242 1323 1320 volatili
1374 1240 1755 1332 satiatum,
1809 1265 2334 1345 praetereaque
2418 1251 2647 1324 multa

719 1369 936 1444 aqua,
982 1367 1125 1421 nec
1167 1369 1328 1419 non
1364 1343 1788 1448 gelatinoso
1814 1348 2090 1448 pingvi
2124 1347 2645 1450 gravidatum.

717 1445 879 1524 Hic
910 1443 1358 1526 salflammae
1392 1445 1772 1548 expositus
1810 1447 2321 1525 vehementer
2352 1450 2445 1527 &
2484 1477 2643 1526 cum

718 1551 1090 1626 continuo
1165 1551 1451 1648 crepitu
1518 1547 1778 1624 ebullit
1846 1547 2295 1649 spumatque
2324 1605 2349 1642 ,
2418 1577 2645 1652 usque

561 1705 572 1716 .
621 1677 636 1688 ·
717 1650 904 1727 dum
967 1649 1443 1726 evolaverint
1474 1674 1662 1748 aqua
1710 1648 1793 1726 &
1822 1649 2039 1724 alkali
2084 1653 2457 1728 volatile:
2508 1656 2641 1728 hoc

715 1751 918 1829 fasto
975 1753 1220 1827 minus
1281 1755 1601 1852 agitatur
1654 1747 1935 1826 scorias
2003 1752 2199 1850 quast
2295 1754 2643 1831 crustans

716 1856 1000 1954 nigras,
1025 1877 1066 1928 e
1102 1851 1523 1955 gelatinoso
1544 1849 1731 1944 usto,
1766 1877 1931 1949 quae
1955 1855 2104 1928 cito
2134 1853 2641 1954 dispelluntur

715 1953 801 2032 &
834 1955 1140 2032 tandem
1184 1952 1648 2055 perlucidam
1704 1953 2075 2028 exhibent
2122 1953 2637 2055 sphaerulanif,

715 2057 987 2132 nimbo
1037 2059 1356 2159 egregio
1410 2053 1833 2130 virescente
1874 2053 2229 2148 cinstam,
2284 2061 2421 2156 qui
2460 2058 2633 2133 nihil

713 2155 821 2232 est
856 2157 1086 2251 aliud,
1124 2161 1351 2255 quam
1394 2154 1834 2260 deflagratio
1884 2157 2333 2256 phosphori
2370 2184 2469 2235 ex
2500 2161 2635 2234 aci·

643 2319 648 2324 .
713 2259 820 2335 do
868 2258 1210 2349 liberato,
1257 2281 1406 2358 ope
1456 2261 1789 2333 materiae
1833 2257 2419 2337 inflammabilis
2470 2262 2634 2338 otti.

857 2410 1208 2504 Omnis,
1262 2414 1393 2512 qui
1439 2412 1748 2487 tandem
1814 2434 2158 2489 remanet
2224 2415 2635 2518 globuluS,

711 2536 1009 2592 remota
1052 2515 1354 2591 flat-uma
1406 2513 1776 2590 boracino
1849 2512 2123 2590 diutius
2170 2519 2449 2595 mollis
2502 2518 2633 2611 est,

709 2640 867 2719 quo
896 2614 1379 2693 commodior
1417 2614 1502 2689 fit
1530 2613 1821 2690 additio
1849 2618 2198 2704 materiae!
2211 2614 2631 2697 solvendae.

707 2720 902 2822 Igne
965 2717 1046 2795 fu
1109 2739 1269 2793 atur
1347 2715 1570 2791 alkali
1630 2716 1989 2809 volatile,
2052 2716 2260 2793 unde
2342 2722 2431 2799 in
2496 2746 2635 2811 eo,

707 2820 918 2921 quod
967 2843 1050 2896 re
1119 2842 1230 2909 at,
1291 2796 1489 2893 acidi
1519 2812 1877 2915 ‚excessus
1933 2819 2217 2911 oritur,
2300 2825 2443 2921 qui
2508 2824 2631 2899 hu·

706 2922 1001 3000 midum
1055 2920 1272 2996 facile
1327 2916 1637 2993 attrahit
1695 2918 1777 2993 in
1824 2917 1999 2994 loco
2055 2918 2387 3023 frigido,

860 3077 1154 3149 Autan
1229 3070 1560 3147 minet-ale
1634 3070 1761 3146 vel
1826 3069 1942 3147 Sal
2019 3071 2264 3159 rodae,
2343 3080 2491 3175 qui
2554 3079 2633 3152 in

705 3177 1034 3250 carbone
1081 3172 1286 3249 fusus·
1329 3196 1515 3247 mox
1573 3194 1743 3247 cum
1799 3197 2185 3250 murmure
2254 3182 2633 3278 crepitan-

702 3298 777 3350 te
827 3278 906 3348 in
949 3274 1348 3374 superficie
1398 3270 1667 3350 diffluit
1716 3272 1796 3349 δὲ
1853 3272 2099 3373 ipsum
2160 3274 2635 3357 sustentacu-

698 3378 856 3450 lum
893 3395 1288 3475 penetrat,
1337 3373 1540 3470 quafi
1582 3371 2076 3466 evanescens,
2125 3378 2207 3451 in
2262 3381 2627 3457 cochlea·

701 3479 766 3553 ri
821 3498 1068 3553 autem
1139 3474 1591 3575 sphaerulam
1640 3476 1925 3576 praebet
1972 3476 2503 3578 perfistentetn
2552 3480 2635 3557 δε

702 3577 1202 3681 perlucidam,
1273 3576 1631 3674 quamdiu
1695 3577 1904 3677 apice
1966 3581 2289 3655 caeruleo
2357 3608 2419 3655 n
2484 3582 2629 3659 suf·

691 3684 1048 3759 ficienter
1101 3678 1330 3753 fluida
1400 3698 1694 3769 manet,
1770 3680 2149 3757 at-calore
2226 3680 2633 3761 diminuto

699 3788 938 3863 statim
997 3779 1311 3858 lasteam
1365 3780 1610 3855 induit
1672 3779 2145 3879 opacitatem.
2254 3784 2485 3862 Hinc
2528 3784 2629 3901 sa·

2534 3906 2629 3963 tis
