2760 4749
662 314 826 410 484
1053 291 1173 423 De
1240 289 1469 376 Tubo
1508 273 2221 404 ferruminatorim

661 509 820 585 aliae
873 505 1459 604 consumuntur,
1514 502 1637 579 vel
1703 501 2053 596 avolant,
2099 499 2361 578 relista
2409 501 2542 578 cal-

659 634 740 686 ce
793 608 1185 684 metallica.
1958 625 1965 632 ·

811 741 1288 815 GENERATIM
1339 736 1583 810 fluxus
1632 733 2493 840 eolorantur'phlogisto
2524 790 2544 828 ‚

658 841 789 918 sed
841 839 973 915 nifi
1032 840 1192 914 hoc'
1247 836 1549 912 volatile
1617 838 2079 937 principium
2160 838 2350 912 calci
2412 838 2542 910 cui·

661 945 835 1016 dam
887 939 1271 1016 metallicae
1319 935 1727 1038 adfigatur,
1778 935 2051 1014 tine'tus
2116 935 2339 1014 facile
2390 963 2543 1012 can·

663 1043 1040 1120 descentia
1093 1039 1411 1114 deletur.

1582 1188 1749 1262 XX.

851 1311 1262 1402 Diversa
1319 1338 1405 1394 m
1430 1183 1623 1396 §tal
1648 1312 1973 1396 lorum
2023 1313 2411 1400 forman

807 1479 1210 1554 PecuuAm
1263 1476 1513 1548 nitore
1572 1475 1651 1548 &
1700 1473 1987 1549 summa
2039 1475 2407 1554 hastenus
2442 1505 2547 1556 co-

657 1582 870 1682 gnita
921 1580 1288 1676 gravitate
1317 1573 1665 1674 specifica
1714 1573 2077 1650 differunt
2126 1580 2433 1654 metalla
2466 1583 2545 1655 ab

657 1679 874 1755 omni
923 1679 1058 1752 alia
1109 1679 1441 1750 materie.
1554 1675 1639 1748 In
1683 1696 1903 1749 terrae
1948 1680 2251 1778 gremio
2304 1703 2553 1756 occur-

655 1802 833 1858 runt
882 1777 1012 1852 sub
1062 1776 1339 1874 triplici
1391 1773 1801 1874 praesertim
1854 1775 2141 1868 forma,
2176 1779 2298 1854 vel
2356 1781 2549 1857 enim

653 1880 908 1980 plene·
937 1876 1382 1952 metallicam
1421 1875 1822 1950 ostendunt
1848 1876 2188 1954 indolem
2227 1883 2551 1980 (nativa),

655 1979 781 2056 vel
855 1973 1239 2077 phlogisto
1297 1974 1741 2075 simplicitet
1803 1974 2116 2075 spoliata
2182 1981 2555 2080 prostant,

638 2100 887 2155 terras
941 2076 1384 2152 mentientia
1431 2077 1998 2174 (ealciformia),
2051 2079 2177 2152 vel
2234 2081 2553 2181 denique

653 2177 1012 2280 sulphure
1061 2178 1376 2250 aeidove
1432 2175 1659 2253 soluta
1695 2178 2283 2278 (mineralisata).
2344 2183 2551 2282 Quae·

653 2280 839 2356 libet
891 2281 1162 2352 harum
1215 2275 1640 2354 formarum
1691 2276 1991 2356 seorsun
2042 2282 2552 2361 confideretur

657 2400 982 2483 oportet.

657 2612 1306 2725 Metellorum
1349 2528 1831 2719 va§13it{<sX{·n
1870 2636 2103 2747 igne
2141 2636 2551 2727 habitus,

811 2800 1187 2876 Merum
1261 2794 1583 2871 flammae
1654 2794 1987 2895 expofita
2062 2792 2225 2875 non
2300 2806 2549 2880 omnia

656 2898 1012 2977 eumdem
1063 2896 1479 2975 monstrant
1533 2894 1891 2973 habiturn.

685 3091 692 3097 -
800 3036 1142 3111 NomuA‘
1173 3036 1252 3107 in
1299 3034 1521 3135 igne,
1550 3055 1643 3106 ne
1670 3030 1977 3128 quidem
2005 3030 2550 3118 vehementiffi·

652 3158 787 3211 mo
827 3193 848 3228 ‚
920 3134 1330 3209 sensibilem
1377 3134 1723 3207 amittunt
1775 3130 2130 3235 phlogisti
2190 3138 2553 3231 quantita·

653 3256 857 3322 tem,
915 3235 1175 3326 &wia
1245 3234 1555 3323 humida
1637 3232 1996 3307 calcinata‘
2058 3230 2209 3309 sola
2268 3234 2553 3312 fufione

651 3332 1066 3438 pristinam·
1098 3348 1549 3433 recuperant
1596 3334 1953 3418 indolem.
2088 3348 2121 3361 '·

804 3465 1197 3541 IGNomuA
1290 3459 1471 3569 igne
1546 3465 2057 3557 calcinantu'r‚
2135 3468 2551 3567 praesertim

653 3568 960 3646 flamma
1035 3568 1467 3657 exteriore,
1521 3568 1600 3645 &
1656 3564 1877 3657 dein,
1924 3586 2006 3641 ut
2060 3569 2557 3665 reducantur,

655 3668 1070 3745 necessario
1185 3668 1645 3768 eontastumd
1682 3671 2113 3767 {requirunt
2220 3672 2555 3751 materiae

653 3767 1150 3877 phlogisticae.
2382 3773 2554 3873 [Ru-
