2760 4749
517 307 632 403 74
955 283 1082 374 De
1129 303 1350 372 term
1401 285 1972 376 Gemmarum.

455 555 462 566 .
511 521 738 600 quam
781 496 1183 593 mineram,
1237 523 1411 576 cum
1473 497 1692 577 acido
1752 501 2147 578 muriatico
2206 500 2417 576 cubi·

515 626 680 678 cam
747 597 1188 700 suscipiunt,
1226 600 1356 678 sed
1414 601 1621 677 idem
1690 627 1871 679 acor
1942 627 2117 678 cum
2180 602 2417 678 alkali

511 701 842 794 volatili,
887 723 1080 777 terra
1151 701 1629 802 ponderosa,
1686 704 2238 806 hydrargyro,
2302 705 2417 778 vi·

510 802 805 893 smuto,
857 800 1201 896 cobalt0,
1245 803 1579 904 aliisque,
1638 804 1867 906 louge
1926 806 2105 880 alias
2164 806 2415 882 induit

507 905 815 986 formas.
921 907 1000 978 Si
1051 906 1280 1005 igitur
1329 905 1627 980 acidum
1682 907 1855 981 heic
1914 905 2111 982 nihil
2160 905 2413 998 valet,

509 1003 904 1106 quomodo
957 1006 1438 1105 operabitur,
1486 1004 1616 1081 ubi
1668 1006 1880 1083 nullo
1926 1009 2411 1106 experimen·

507 1127 592 1183 to
643 1102 989 1210 dignosci
1021 1103 1262 1206 potest
1287 1157 1310 1198 ‚
1347 1102 1475 1182 sed
1504 1106 1707 1183 nuda
1752 1106 2183 1206 coniectura
2215 1131 2413 1209 prae·

505 1204 822 1285 sentiam
874 1204 1183 1284 distitat.
1286 1207 1409 1282 De
1462 1207 1612 1284 bafi
1656 1208 1863 1284 idem
1922 1209 2161 1297 valet,
2224 1231 2413 1284 nam

506 1307 728 1386 alkali
773 1306 1167 1408 quodlibet
1216 1331 1391 1384 cum
1441 1305 1753 1384 diverfis
1799 1309 2033 1387 acidis
2091 1306 2411 1386 diffimi-

505 1409 614 1486 les
652 1408 944 1510 praebet
987 1405 1399 1508 crystallo&
1502 1410 1837 1485 Alumen
1884 1409 1966 1488 δι
2022 1409 2411 1486 cobaltum

503 1507 798 1588 salitum
850 1510 994 1586 rite
1070 1506 1547 1612 crystallisata
1600 1508 1951 1586 oaaedra
1998 1511 2442 1603 exhibent,=

557 1613 854 1690 uamvis
885 1633 1026 1686 nec
1079 1609 1489 1700 menstruo,
1542 1633 1682 1686 nec
1733 1609 1885 1688 bafi
1913 1612 2421 1703 conveniant‚j

501 1635 586 1790 gg
636 1711 822 1812 quid
873 1709 972 1788 de
1021 1711 1302 1812 pyritis
1351 1708 1455 1788 est
1504 1711 2024 1806 sentiendum,
2076 1713 2207 1814 qui
2250 1711 2405 1814 p'ro
2496 1726 2505 1736 '

498 1836 583 1891 re
636 1834 809 1889 nata
857 1810 1143 1921 fingula
1194 1833 1523 1913 corpora
1572 1815 2041 1918 geometrica
2102 1812 2407 1915 regula·

499 1915 614 1990 ria
665 1915 1077 1993 imitantur.
1130 1914 1237 1988 At
1290 1911 1543 1988 multis
1582 1937 1743 1988 non
1778 1937 1971 2016 opus
2000 1911 2103 1988 est
2140 1937 2403 2004 exem·

497 2015 644 2115 plis
661 2063 686 2104 ‚
739 2012 1105 2118 cognitu,
1158 2010 1411 2109 quod,
1463 2013 1542 2087 ni
1599 2011 1869 2108 fallor,
1922 2013 2099 2088 alibi
2144 2013 2407 2106 suffici·
2500 2019 2509 2026 ’

499 2132 716 2190 enter
785 2109 1346 2204 demonstravi,
1414 2135 1455 2188 e
1522 2115 1777 2213 paucis
1860 2137 2138 2215 nempe
2208 2113 2403 2214 ejus-

498 2211 678 2290 dem
727 2215 1059 2290 materiae
1107 2213 1372 2289 formis
1431 2215 1843 2316 primitivis
1891 2216 2253 2316 plurimas
2285 2216 2401 2290 di·

496 2311 1079 2415 verfiffimasque
1170 2315 1362 2391 oriri
1436 2312 1646 2419 posse
1755 2315 2213 2393 derivativas
2282 2313 2398 2417 b).

493 2415 730 2494 Hisce
803 2416 1184 2517 penfitatis
1256 2440 1417 2491 non
1486 2414 1719 2492 video
1763 2441 1916 2515 quo
1970 2418 2142 2516 jure
2187 2416 2402 2495 Ada-

491 2543 654 2597 mas
709 2516 790 2593 &
839 2517 1177 2593 Rubinus
1231 2516 1539 2592 alumini
1601 2514 2116 2611 adsociantur,
2188 2518 2423 2617 cujus'

492 2644 592 2697 ne
645 2620 964 2695 minima
1011 2616 1320 2717 quidem
1370 2616 1732 2691 exhibent
1773 2616 2132 2723 vestigia,
2179 2618 2236 2695 fi
2270 2644 2399 2699 au·-

489 2741 651 2796 tem
705 2718 947 2795 nihilo
1004 2718 1253 2793 minus
1329 2711 1919 2793 dilitescentibus
1996 2722 2241 2823 magis
2308 2719 2405 2797 fi-

493 2821 675 2893 dere
728 2818 947 2909 licet,
997 2817 1162 2891 haec
1237 2819 1511 2893 'eodem
1573 2815 2071 2895 fundamento
2142 2818 2399 2895 cobal·

492 2940 655 2995 tum
715 2913 1048 3009 salitum,
1113 2915 1403 2994 aliosve
1487 2916 1671 2995 sales
1727 2917 2201 2997 ostaedricos
2268 2922 2404 2996 ad·

491 3016 638 3096 effe
692 3020 1157 3092 evincerent.
1232 3016 1382 3091 Sub
1434 3018 1577 3093 hac
1632 3043 1934 3119 quoque
2004 3020 2402 3121 hypothe-

488 3118 544 3197 fi
597 3118 895 3193 adamas
944 3116 1246 3191 cubicus
1302 3120 1565 3193 muriae
1616 3120 1696 3196 δε
1734 3120 2182 3223 hexagonus
2230 3124 2398 3221 pri-

489 3218 876 3310 smaticus‚
926 3218 1164 3293 tribus
1219 3220 1598 3317 utrimque
1640 3222 2083 3299 terminatus
2124 3222 2401 3299 rhom-

485 3319 644 3412 bis,
693 3318 1054 3395 schoerlis
1104 3320 1736 3427 adnumerabitur.

2228 3492 2405 3595 Qu

570 3667 636 3747 ὖ)
679 3615 914 3732 Cotum.
963 3670 1022 3733 in
1065 3670 1158 3735 N.
1210 3665 1370 3729 Αᾶῐς
1414 3622 1559 3749 Ups.
1586 3622 1721 3729 ‘voL
1740 3666 1815 3737 1„
1858 3682 1985 3748 quae
2026 3663 2085 3727 in
2130 3664 2237 3731 hac
2270 3666 2401 3728 coi—

647 3730 889 3817 fe'flione
942 3752 1021 3815 e'st
1069 3752 1427 3817 duodecimo.
