2760 4749
576 332 743 425 172
1268 306 1398 393 De
1453 305 1810 395 Platina.

567 524 701 603 sub
738 520 1000 601 forma'
1020 516 1185 596 salis
1234 520 1552 620 triplicis
1577 575 1599 613 ‚
1645 518 1775 595 sed
1821 513 2368 595 determinatum
2391 518 2472 594 ti-

563 631 805 710 mitem
848 620 993 699 heic
1035 621 1253 697 locum
1306 616 1554 697 habere
1572 677 1596 712 ,
1645 643 1800 721 quo
1849 622 2242 719 praeterito
2291 621 2472 695 reli-

565 750 799 825 quum
824 777 846 815 ,
900 746 1117 799 more
1150 722 1309 797 aliis
1338 722 1656 798 metallis
1701 720 2108 810 consveto,
2157 720 2476 797 metalli·

566 850 734 903 cam
766 824 1098 929 porrigit
1150 823 1436 901 calcem
1483 825 1762 921 (mom.
1815 822 1884 901 C
1924 821 2008 903 δε
2063 822 2198 923 D).

594 1126 895 1215 Platina
950 1153 1115 1243 ope
1165 1022 1856 1219 alkah5'n111'lrlieralis
1914 1128 2442 1243 praecipitata.

722 1291 1396 1367 Car-nananssmus
1467 1291 1706 1371 nostri
1789 1294 1934 1369 aevi
2007 1290 2476 1382 ChemicuS,

566 1391 947 1468 Dominus
998 1390 1450 1469 MARGGRAF
1471 1450 1496 1483 ,
1543 1393 1906 1469 Platinam
1931 1390 2244 1485 solutam
2277 1390 2472 1465 alka-

532 1493 624 1569 ,li
669 1490 993 1567 minerali
1034 1490 1247 1591 dejici
1300 1515 1532 1597 negat
1583 1495 1648 1590 c)
1671 1550 1696 1585 ,
1748 1492 1954 1591 quod
2004 1491 2186 1567 dein
2238 1514 2470 1590 expe-

565 1602 901 1669 rimento
994 1595 1327 1697 repetito·
1390 1593 1874 1671 confirmavit
1965 1593 2108 1669 Dr.
2193 1594 2470 1673 anxs.

568 1692 1069 1793 Reliquorum
1120 1716 1367 1771 autem
1415 1694 1894 1773 metallorum
1957 1693 2248 1769 nullum
2304 1717 2474 1769 tan·

566 1816 643 1871 ta
694 1795 777 1869 vi
848 1792 1079 1869 acidis
1157 1795 1532 1887 adhaeret,
1605 1798 1791 1895 quin
1861 1793 2310 1873 advenienti
2371 1793 2468 1872 al-

563 1890 716 1969 k'ali
767 1894 1114 1970 minet-ali
1166 1893 1375 1971 suum
1441 1896 1658 1972 cedat
1717 1894 2185 1975 menstruum
2221 1948 2246 1987 ,
2314 1893 2473 1971 sola

567 1994 803 2093 igitur
861 1993 1145 2071 Platina
1200 1995 1614 2073 notabilem
1678 1994 2009 2075 efficeret
2072 1998 2470 2096 exceptio-

565 2117 748 2171 nem
778 2146 829 2211 ,·
852 2118 1077 2195 quam
1115 2096 1293 2175 ideo
1337 2099 1698 2200 peculiari
1748 2098 2064 2205 dignam
2112 2098 2472 2178 examine
2541 2146 2548 2171 .

564 2216 859 2296 putavx.
1188 2212 1192 2219 ·

725 2347 825 2448 Α)
876 2349 1226 2428 Pam-nm
1278 2348 1732 2430 solutionem
1787 2349 2190 2455 vulgarem
2237 2347 2472 2427 alkali

562 2449 917 2528 minerali
992 2449 1232 2528 soluto
1324 2455 1628 2535 tentavi.
1747 2450 2057 2551 Qaevis
2117 2450 2474 2528 instillata

566 2572 773 2656 gutta
811 2550 1349 2630 vehementem
1384 2555 1746 2631 excitavit
1783 2550 2476 2647 effervescentiam‚

562 2651 824 2728 nullum
870 2674 1117 2730 autem
1138 2657 1658 2755 praecipitatum
1697 2657 1780 2728 in
1809 2650 2306 2753 conspestum
2349 2677 2481 2730 ve·

565 2753 695 2828 nit.
798 2753 1089 2830 Senfim
1138 2776 1396 2831 tamen
1450 2751 2010 2830 instillationem
2066 2755 2478 2830 continua·

565 2850 673 2944 vi,
724 2852 1181 2955 tandemque
1232 2854 1505 2932 solutio
1539 2855 1826 2930 turbari
1858 2857 2153 2955 coepit,
2185 2856 2478 2955 pulvis·-

566 2974 715 3048 que
763 2954 1208 3055 spongiosus
1248 2957 1330 3032 δι
1378 2956 1666 3032 flavens
1728 2954 2058 3054 dejestus
2115 2953 2306 3051 fuit,
2348 2981 2476 3058 ge·

564 3051 851 3126 nuinam
908 3054 1213 3134 Platinae
1256 3056 1510 3134 calcem
1559 3055 2034 3134 constituens,

726 3207 912 3279 imm
964 3204 1220 3304 postea
1272 3210 1485 3285 citius
1601 3207 1893 3285 raestavi
1971 3206 2309 3296 immiss‘o
2367 3208 2476 3286 al-

566 3302 719 3378 kali
771 3305 1116 3380 minerali
1162 3306 1355 3384 ficco
1409 3311 1488 3387 &
1564 3308 1942 3386 atiscentia
1989 3308 2350 3411 col-lapso,

715 3453 811 3551 B)
871 3453 968 3529 Ut
1010 3453 1448 3558 differentem
1489 3459 1826 3538 alkalium
1859 3430 2197 3555 fixorum.
2235 3460 2474 3552 effica-

566 3553 747 3630 ciam
799 3571 893 3630 eo
954 3558 1216 3639 melius
1265 3561 1846 3667 cognoscerem,
1887 3561 2198 3641 Platinoe
2261 3561 2472 3684 solu·

2329 3685 2470 3744 no·

613 3806 719 3884 ,0)
755 3806 935 3870 Mem.
979 3811 1051 3878 dc
1091 3814 1131 3876 1’
1178 3815 1362 3885 Acad.
1397 3815 1471 3882 de
1523 3818 1748 3896 Berlin,
1792 3820 1948 3890 Pan.
1989 3833 2184 3905 1757.
