2760 4749
572 351 701 439 De
736 349 1053 467 sbrmis
1100 334 1707 469 Crystallorum..
1893 400 1900 405 ·
2029 385 2138 448 21

243 589 511 669 agonae
582 564 668 640 &
737 562 867 640 sex
926 585 1345 671 tetragona·
1399 589 1915 663 concurrunt,
1977 572 2136 671 pri⁴

240 690 407 743 ores
457 688 654 741 vero
700 665 783 741 in
834 664 1004 756 seX,
1052 665 1133 743 δι
1180 664 1636 769 posteriores
1689 671 1766 747 in
1817 692 2138 769 quatuor

236 764 443 841 haud
502 763 905 849 difficulter
955 764 1435 844 resolvuntur
1465 769 1764 851 traedra
1789 772 1946 875 (fig.
1979 774 2134 870 19),

232 890 567 965 quorum
614 864 793 942 ideo
848 865 1339 971 qua-draginta
1399 866 1577 947 osto
1643 890 1876 945 totam
1945 896 2138 947 con-

230 968 541 1045 stituent
586 989 1117 1069 compagem„
1158 966 1213 1043 fi
1289 990 1554 1049 natura
1628 970 1822 1045 hanc
1899 970 2136 1071 sequi-

228 1090 353 1145 tur
408 1066 892 1143 methodum.
996 1070 1189 1149 Non
1262 1068 1641 1159 diffiteor,
1724 1074 1904 1170 quin
1973 1073 2136 1149 haee

233 1164 702 1244 constructio
755 1168 1094 1268 pluribus
1142 1166 1377 1256 semet
1429 1170 1918 1247 commendet
1995 1196 2132 1249 no-

232 1269 591 1349 minibus,
700 1266 1247 1371 Simpliciffima
1298 1270 1621 1369 namque
1673 1276 1984 1371 requirit
2059 1297 2134 1349 e·-

190 1372 567 1447 ·lementa
622 1367 703 1444 ὃς
760 1370 1111 1445 omnibus
1164 1392 1528 1471 praeterea
1609 1373 2133 1473 crystallorum

229 1472 506 1575 figuris
573 1473 1129 1545 convenientia.
1266 1470 1495 1571 Quod
1556 1476 1930 1548 tetraedra
1994 1474 2136 1549 fini
2193 1546 2196 1551 ,

230 1594 411 1675 apta
458 1568 815 1649 lateribus
865 1568 1247 1649 interdum
1300 1570 1756 1649 instruantur
1831 1572 2136 1648 dissimi·

226 1674 433 1748 libus
502 1670 582 1746 &
633 1671 1117 1770 inaequalibus
1168 1696 1324 1747 non
1382 1672 1632 1751 officit.
1746 1672 2136 1763 Ceterum,

234 1770 452 1872 quod
496 1794 718 1870 caput
765 1770 876 1847 est·
902 1774 1055 1863 rei,
1110 1796 1266 1847 non
1322 1797 1731 1872 numquam
1781 1772 1931 1848 fine
1999 1774 2136 1847 du·
2206 1803 2211 1809 ·

231 1875 371 1949 bio
428 1892 636 1947 certe
707 1870 1160 1949 adhibentur
1206 1872 1596 1951 tetra’edra.
1702 1874 1930 1949 Haud
2010 1874 2134 1951 exi

235 1977 373 2077 gui
440 1972 809 2073 ponderis
871 1972 1041 2049 sunt
1079 1973 1243 2048 haec
1308 1977 1612 2065 omnia,
1679 1974 1806 2051 sed
1877 2000 2132 2073 quam·

238 2077 373 2151 diu
424 2076 626 2149 inter
684 2074 949 2149 muriae
996 2072 1426 2153 rudimenta
1479 2074 1980 2175 pyramidalia
2033 2092 2131 2152 ne

235 2172 903 2273 unicumquidem
960 2173 1418 2249 tetra‘edrum
1475 2176 1843 2267 viderim,
1901 2200 2124 2275 gene-

236 2279 465 2353 ratim
515 2274 965 2351 concludere
1012 2294 1217 2351 vetat
1268 2272 1444 2351 sana
1515 2277 1960 2376 explorandi
2021 2301 2134 2349 ra-

236 2380 373 2456 tio.
443 2372 1038 2469 Observationes
1092 2398 1355 2464 veras,
1411 2366 1631 2473 quam
1695 2374 2171 2478 ingeniolis·*

236 2479 459 2556 fimas
504 2475 875 2570 fid'tioneS,
911 2474 1116 2574 sequi
1162 2471 1492 2575 praestat:
1544 2497 1820 2550 naturae
1857 2473 2134 2576 myste-

233 2583 349 2657 ria
396 2581 647 2680 potius
696 2575 1099 2680 indagare,
1158 2599 1380 2673 quam
1459 2574 1826 2652 divinare.
1945 2573 2136 2652 Cer-

235 2702 355 2756 tus
409 2678 617 2772 sci0,
671 2677 881 2780 quod
917 2697 1175 2754 natura
1222 2673 1422 2751 haud
1470 2700 1645 2752 raro
1693 2672 2134 2782 pyramides

232 2779 597 2856 adhibeat
645 2781 727 2854 in
779 2781 929 2856 hoe
982 2778 1298 2878 negotio
1329 2829 1351 2867 ‚
1400 2775 1675 2850 restant
1740 2800 1929 2862 vero
1963 2799 2132 2850 eru-

235 2878 437 2957 enda
483 2879 811 2982 plurima
867 2898 1301 2972 momenta,
1356 2901 1538 2950 num
1599 2875 1894 2978 semper
1953 2876 2132 2968 fiat,

290 2979 683 3071 uomodo,
730 3000 998 3056 cetera.
1105 2975 1254 3054 Sub
1304 2977 1568 3052 crebra
1627 2977 1881 3054 sali-um
1954 3001 2132 3052 con-

262 3079 687 3158 ideratione
732 3083 815 3156 in
848 3076 1446 3164 mechanismum
1485 3079 2000 3170 concretionis
2025 3079 2134 3151 in·

234 3203 495 3259 tentus
540 3179 671 3257 fui.
775 3181 964 3281 Qiae
1033 3177 1196 3254 vidi
1263 3178 1768 3278 phaenomena
1837 3177 2135 3252 notabi-

231 3285 443 3360 liora
493 3279 713 3383 supra
767 3279 1235 3372 memoravi,
1270 3277 1630 3378 simulque
1689 3280 1932 3356 varias
1992 3281 2136 3351 im·

234 3379 505 3460 miscui
551 3381 1120 3474 meditationeS‚
1184 3399 1265 3456 ut
1307 3377 1730 3484 sagaciores
1784 3377 2133 3455 scrutato-

234 3507 365 3560 res
412 3479 735 3585 systema
784 3481 1309 3588 attracC'ciomgm
1369 3483 2018 3582 propinquarum,
2049 3481 2134 3552 -in

238 3581 869 3686 crystallisatione
912 3580 1331 3684 praesertim
1374 3581 1704 3663 {obvium
1785 3582 1867 3658 ἃ
1935 3576 2136 3680 quafi

234 3684 621 3796 palpabile
650 3738 673 3779 ,
720 3681 1126 3790 aliquando
1172 3683 1317 3762 rite
1374 3679 1850 3784 cognoscant.

1189 3821 1325 3924 133
1601 3845 1606 3851 “
1899 3817 1970 3934 §9
2031 3815 2133 3890 V.
