2760 4749
616 295 1001 394 De·calce
1040 299 1238 400 auri
1254 295 1784 412 fulminante.
2015 289 2169 415 143
2205 298 2209 302 ’

264 511 455 614 dem
558 502 969 590 fulminans
1020 509 1347 612 perforat
1403 511 1670 614 lacerat
1716 539 1835 612 ue,
1915 515 2174 590 minor

266 638 471 690 vero
524 614 932 689 cavitatem
980 613 1409 713 imprimit,
1452 613 1533 691 &
1607 639 1642 688 a
1707 614 1851 689 huc
1916 619 2176 690 minor

263 713 752 816 superficiem
804 733 1091 790 tantum
1162 714 1403 807 radit,
1481 715 1687 812 quod
1743 740 1784 789 a
1861 717 2176 816 pulvere

327 815 779 920 yrio‚1icet
846 814 1083 914 longe
1141 814 1410 912 majori
1479 819 1886 915 quantitate
1961 817 2180 892 adhi-

264 845 581 1007 {eatun
627 938 1037 1014 numquam
1087 912 1491 1014 praestatur.

432 1068 542 1166 D)
593 1068 881 1144 GRAva
928 1062 1322 1164 quodlibet
1364 1038 1666 1169 pulveri
1744 1063 2179 1169 impositum
2223 1135 2226 1140 .

266 1191 678 1246 momento
717 1166 1177 1267 expletionis
1228 1167 1485 1264 exfilit,
1529 1171 1636 1264 &‚
1690 1170 1742 1248 fi
1791 1171 2018 1248 luerit
2070 1196 2178 1246 ar·

268 1293 679 1375 geramum,
730 1269 1016 1344 macula
1065 1263 1520 1347 flavescente
1572 1276 1960 1354 inauratur.
2064 1273 2180 1346 Si-

264 1372 560 1448 militer
611 1368 1178 1446 sustentaculum
1228 1392 1670 1472 argenteum
1717 1373 1840 1448 vel
1909 1397 2200 1474 cupre·‚

265 1497 395 1550 um
461 1472 891 1554 decoratur.
1286 1479 1291 1484 “

424 1611 696 1690 Pomm
732 1635 1055 1714 granum
1083 1607 1604 1710 majusculum,
1646 1611 1968 1687 flammae
2011 1634 2182 1684 can-

269 1713 459 1791 delae
511 1739 555 1787 a
602 1713 834 1789 latere
882 1715 1327 1800 admotum,
1376 1737 1542 1788 eam
1579 1731 1730 1786 cum
1764 1714 2031 1810 crepitu
2080 1710 2184 1808 ej-

262 1816 396 1907 flat
428 1873 453 1908 ‚
508 1815 589 1891 &
638 1814 922 1914 ‘aliquot
978 1817 1224 1890 unciae
1270 1811 1403 1888 sub
1451 1812 1918 1914 imprudenti
1961 1809 2190 1888 exfic·

270 1915 573 1992 cafione
621 1913 829 1992 fimul
880 1916 1379 2016 explodentes
1412 1912 1676 2014 januas
1708 1914 2185 2014 fenestrasque

268 2017 613 2092 violenter
669 2016 1081 2118 effringunt.
1184 2017 1635 2092 Luculenter
1683 2017 1864 2092 hinc
1927 2035 2184 2115 patet,

272 2141 540 2192 aurum
596 2114 1003 2191 fulminans
1063 2141 1354 2218 quaqua
1401 2116 1704 2196 versum
1771 2117 1972 2193 suam
2047 2141 2186 2192 ex-

272 2217 591 2293 tendere
646 2217 1132 2310 violentiam‚
1180 2244 1337 2293 non
1387 2241 1640 2296 tamen
1675 2217 1850 2293 ideo
1899 2243 2186 2321 negan-

276 2319 461 2395 dum
492 2372 511 2409 ,
566 2321 748 2417 quin
801 2317 1133 2395 ferocius
1186 2345 1351 2422 quae
1388 2320 1630 2420 tangit
1665 2317 1925 2410 feriat,
1958 2343 2186 2417 quam

275 2447 445 2521 quae
506 2419 838 2519 paullum
912 2418 1239 2511 distant,
1308 2420 1485 2497 licet
1557 2419 1732 2494 alias
1805 2422 2184 2518 proxima.

274 2522 389 2599 lta
428 2578 453 2613 ,
524 2520 578 2595 fi
632 2544 1073 2620 papyraceo
1135 2521 1416 2598 locello
1496 2521 1930 2597 immittitur
2001 2544 2188 2620 por-

276 2623 649 2714 tiuncula,
709 2620 1051 2698 fundum.
1101 2642 1390 2703 tantum
1443 2618 1855 2700 fulminans
1919 2618 2190 2695 dilace-

276 2746 394 2801 rat
428 2780 455 2817 ,
536 2722 677 2825 nisi
739 2723 1179 2823 operculum
1246 2721 1475 2800 fuerit
1561 2720 2033 2823 appoeffnm,
2108 2724 2190 2797 in

278 2826 431 2901 hoc
492 2826 705 2900 enim
755 2822 964 2917 casu,
1014 2825 1095 2903 δι
1140 2822 1363 2926 supra
1392 2825 1474 2911 ὃς
1519 2824 1722 2901 infra
1771 2823 2137 2925 perforat.

427 2978 535 3077 Ε)
588 2976 683 3051 IN
737 2976 990 3077 phiala
1042 2977 1290 3053 vitrea
1332 2975 1478 3052 vel·
1535 2976 1810 3053 locello
1861 3000 2190 3079 papyra-

282 3104 418 3159 ceo
470 3076 1560 3181 prudenter'pedetentimque
1618 3077 2022 3157 fulminans
2071 3079 2192 3175 fu·

281 3182 579 3285 liginem
622 3177 975 3297 relinquit·
1001 3179 1608 3297 purpqrtfientem
1629 3239 1651 3275 ,
1702 3185 1786 3257 in'
1835 3204 1978 3281 qua
2025 3182 2190 3285 plu·

284 3308 416 3359 res.
458 3282 767 3356 nitentis
821 3303 978 3356 auri
1038 3280 1423 3383 particulae
1475 3284 2001 3382 reperiuntur,
2049 3286 2190 3357 im·
2295 3342 2308 3359 ‚

286 3408 416 3459 mo
474 3384 701 3459 etiam
758 3406 996 3487 grana
1051 3406 1208 3457 non
1255 3402 1562 3475 mutata,
1613 3384 1696 3459 fi.
1781 3383 1980 3457 aullo
2036 3408 2190 3456 ma·
2293 3374 2302 3401 “

282 3484 407 3583 jor
462 3484 721 3585 portio
768 3484 979 3559 fimul
1026 3480 1251 3557 fuerit
1306 3480 1660 3559 adhibita.
1827 3510 1932 3560 on
1982 3486 2192 3561 enim

286 3584 421 3659 nifi
467 3586 767 3670 [iratum
798 3583 1016 3658 calori
1050 3586 1456 3682 proximum
1493 3586 1922 3678 incenditur,
1977 3586 2190 3681 quod

284 3682 489 3763 facili
544 3682 942 3763 monstrari
989 3682 1247 3785 potest
1308 3692 1881 3785 experimento,
1958 3683 2012 3761 fi
2077 3690 2190 3801 ni-

2047 3812 2196 3861 mi·
