2760 4749
606 300 724 391 De
771 300 1077 418 formis
1110 300 1732 415 Crystallorum.
2009 328 2108 417 17

222 539 378 595 non
407 534 707 591 tantum
758 516 840 591 in
889 512 1037 595 basi
1094 512 1492 614 suprema,
1537 512 1667 589 sed
1716 515 1936 591 etIam
2031 538 2114 593 er

225 640 461 693 totam
517 617 695 690 axin
756 612 1011 690 evadit
1064 614 1406 691 stellatus·
1509 617 1814 691 Vitrutn
1871 540 2114 695 fusgm

222 718 581 814 lenteque
638 713 1165 816 refrigeratum
1210 715 1556 819 egregias
1601 716 1890 815 praebet
1937 742 2019 793 cr
2087 760 2114 777 ·
2199 800 2210 811 „

219 814 739 895 stallisationes
778 812 873 911 h).
924 818 1210 893 Scorias
1256 841 1295 893 e
1329 815 1572 919 furnis
1625 816 1939 911 extraxi,
1981 842 2029 893 u
2085 819 2115 894 i

216 922 525 995 minere
582 916 773 991 ferri
832 914 1097 991 addito'
1142 914 1396 1019 lapide
1459 916 1798 992 calcareo
1845 916 2115 995 kunde·

217 1020 467 1109 batur,
512 1040 789 1113 easque
840 1014 1221 1092 interdum
1274 1013 1605 1119 regulari
1639 1016 1884 1119 figura
1922 1020 2113 1120 pris-

216 1122 503 1195 matica
575 1115 962 1191 instrue'tas
1027 1116 1211 1192 vidi.
1318 1118 1528 1193 Dum
1592 1117 1880 1195 ferrum
1949 1144 2111 1197 cru-

221 1220 409 1295 dum
460 1218 807 1293 immixta
861 1216 1063 1295 calce
1121 1216 1431 1316 liquefit,
1480 1218 1564 1292 in
1611 1216 1869 1297 scoriis
1908 1244 2114 1311 com-

219 1321 431 1421 pleta
494 1318 793 1393 obtinui
855 1314 1224 1393 ostaedra.
1332 1320 1507 1394 Alia
1565 1318 1916 1424 exempla
1969 1320 2110 1399 fic...

218 1446 346 1514 co,
404 1441 485 1494 ut
547 1418 773 1516 aJunt,
820 1418 1016 1517 pede
1062 1440 1455 1519 praetereO.

377 1572 472 1648 In
536 1567 773 1645 maffis
824 1568 1219 1646 metallicis
1282 1577 1631 1677 magma,
1693 1559 2115 1675 prae'sertim

220 1697 441 1778 aegre
530 1669 1107 1768 liquescentibus
1138 1730 1163 1763 ,
1243 1672 1649 1750 inferiores
1731 1673 2120 1775 partieuloe

222 1775 707 1876 superiorum
764 1772 1109 1871 pondere
1156 1775 1258 1847 ita
1330 1775 1776 1873 plerumque
1833 1798 2120 1876 cogun-

222 1899 381 1967 tur,
438 1896 523 1949 ut
571 1872 770 1947 nulla
816 1873 1221 1971 apparea'nt
1288 1874 1924 1975 crystallisationis
1984 1896 2118 1951 ve·

224 1976 491 2077 stigia,
542 1974 888 2072 quamvis
940 1974 1021 2046 in
1081 1973 1468 2073 superficie
1517 1982 1722 2069 auri,
1778 1978 2120 2081 argenti,

230 2078 463 2165 ferri,
532 2075 1003 2171 aliorumque
1049 2078 1392 2151 oriantur
1445 2080 1776 2183 egregia.
2075 2086 2080 2093 ’

390 2228 631 2327 Qon
679 2224 826 2301 huc
869 2224 1173 2302 tandem
1223 2226 1552 2306 referam
1589 2256 1796 2329 aquae
1843 2253 2124 2333 conge·

232 2331 605 2408 lationem
652 2322 1033 2404 'absonum
1094 2326 1298 2405 forte
1352 2330 1768 2421 videbitur,
1819 2330 1954 2406 nifi
2001 2354 2124 2406 res

235 2431 667 2510 adcuratius
728 2425 1263 2528 perpendatur.
1314 2431 1536 2530 Aqua
1580 2433 1958 2506 mediante
1998 2456 2129 2506 ca·

236 2534 427 2610 loris
480 2531 795 2606 materia
816 2526 1319 2626 liquiditatem
1357 2556 1442 2606 re
1468 2556 1648 2608 vera
1695 2529 2012 2634 poffidet
2043 2531 2126 2630 i),

236 2637 362 2727 δε,
404 2633 548 2708 hac
609 2629 705 2705 ad
756 2649 1044 2703 certum
1102 2630 1426 2730 gradum
1477 2633 1768 2726 demta,
1822 2633 1903 2704 in
1968 2630 2130 2732 gla-

238 2739 441 2812 ciem
516 2732 670 2807 abit
734 2728 1327 2830 crystallisandO.
1459 2737 1706 2810 Antea
1773 2730 2131 2833 congela-

237 2837 539 2912 tionem
605 2856 780 2909 cum
842 2827 1455 2931 crystallisatione
1520 2837 2132 2933 comparavimus

238 2936 335 3039 (ᾗ.
372 2936 523 3026 111,
590 2932 746 3031 E):
792 2930 967 3008 heic
1037 2957 1323 3010 novum
1377 2937 1932 3012 convenientiae
1967 2959 2130 3012 mo·

240 3057 593 3116 mentum
656 3029 934 3108 addere
990 3031 1227 3116 liceat.
1905 3061 1921 3068 ·

334 3165 561 3250 Bergm.
583 3150 778 3244 opusc.
803 3161 925 3228 Vol.
946 3161 1034 3226 Π.
1128 3250 1135 3256 ,
1228 3139 1287 3214 Β
1957 3134 2165 3213 Nms

328 3319 403 3394 b)
450 3319 506 3398 J.
548 3315 704 3376 Kena
738 3315 797 3375 in
839 3319 1039 3378 Trans.
1077 3311 1218 3374 Phil.
1257 3309 1396 3372 anni
1443 3307 1621 3381 1776.

339 3401 393 3478 ἰ)
448 3397 821 3472 Ρὴῑοεῐίῖοιι,
862 3399 1102 3458 materia
1149 3394 1357 3476 caloris,
1398 3393 1462 3458 δι
1519 3393 1672 3473 ignis
1719 3393 1898 3465 probe
1941 3391 2134 3456 distin·

420 3498 681 3559 guantur
721 3495 967 3556 oportet.
1051 3477 1386 3554 Phlogiston
1421 3479 1534 3540 aeti
1589 3496 1733 3552 puto
1771 3475 2136 3541 determinata

418 3562 543 3625 dofi
584 3563 815 3624 unitum
854 3563 1144 3624 materiam
1188 3558 1394 3621 caloris
1439 3559 1750 3622 constituit.
1813 3562 2000 3638 ,Ignis
2039 3581 2136 3622 au·

418 3665 534 3707 tem
572 3647 647 3708 est
672 3647 849 3718 acina,
890 3666 1009 3725 quo
1042 3661 1249 3724 corpus
1292 3641 1587 3716 idoneum,
1613 3658 1762 3704 tanta
1788 3645 2141 3708 vehementia

420 3727 714 3810 phlogisto
767 3727 1075 3806 spoliatur,
1118 3749 1226 3807 ope
1267 3730 1405 3788 netis
1446 3727 1606 3805 puri,
1641 3745 1706 3788 ut
1752 3748 1869 3788 non
1911 3742 2140 3792 tantum

426 3815 633 3896 ingens
656 3826 959 3893 genet-emt
988 3815 1143 3876 calor
1162 3855 1179 3886 ,
1228 3805 1319 3872 sed
1362 3813 1532 3877 etiam
1570 3811 1820 3878 amunta.
