2760 4749
654 341 779 428 De
841 344 1202 432 Mineris
1250 342 1474 460 firri
1525 344 1757 434 albis.
2011 381 2056 438 2
2057 377 2170 466 39

258 553 527 734 fine&
586 555 925 633 admixto
972 557 1127 636 fine
1174 557 1410 634 dubio
1479 563 1989 661 quaerendum,
2037 565 2168 640 ha-

338 681 521 733 enus
593 658 905 743 latuerit.
1045 660 1131 732 In
1205 661 1486 762 regulis
1557 686 1772 738 antea
1827 665 2170 763 eliquatis

256 761 362 860 (ᾗ.
417 760 539 850 V,
588 759 683 852 E)
732 757 1194 860 magnefium
1254 764 1554 838 tertiam
1627 766 1927 840 circiter
1995 792 2169 867 par-

254 883 413 938 tem
468 857 739 950 efficit,
788 884 943 957 quo
993 885 1155 935 non
1225 883 1513 937 tantum
1569 865 1882 939 durities
1957 866 2165 941 austu

252 961 442 1050 fuit,
511 959 638 1035 sed
704 962 929 1036 etiam
996 982 1392 1064 argenteus
1462 964 1861 1064 adquifitus
1935 970 2162 1058 nitor.

254 1063 632 1163 Qaenam
686 1060 771 1136 sit
821 1062 897 1135 in
951 1059 1101 1137 hoc
1153 1067 1464 1168 negotio
1522 1068 1928 1168 proportio
1975 1071 2164 1142 mix-

251 1183 509 1240 torum
580 1161 1054 1237 metallorum
1118 1169 1450 1264 optima,
1533 1167 1869 1266 pluribus
1926 1171 2162 1244 varia-

251 1267 499 1362 tisque
550 1263 1083 1340 tentaminibus
1137 1265 1804 1344 determinandum
1861 1267 1984 1343 est.

406 1431 609 1508 NON
661 1457 836 1508 raro
891 1435 1010 1510 hae
1064 1437 1379 1511 minerae
1429 1436 1712 1515 ferrum
1753 1440 1942 1516 adeo
1995 1466 2159 1540 par·

250 1555 339 1608 ce
388 1536 807 1626 continent,
860 1558 943 1612 ut
1016 1538 1221 1612 nullo
1273 1541 1432 1634 jure
1488 1539 1579 1612 ab
1651 1540 1800 1612 hoc
1859 1542 2156 1614 metallo

248 1633 873 1712 denominentur.
918 1665 927 1672 ·
978 1637 1151 1712 Una
1207 1643 1536 1714 alterave
1590 1637 1838 1716 maffae
1911 1662 2161 1716 cente-

244 1735 430 1816 sima
488 1757 693 1810 certe
746 1737 935 1812 tanti
986 1761 1143 1812 non
1207 1736 1309 1811 est
1364 1737 1811 1813 aestimanda.
1915 1741 2008 1812 In
2045 1741 2160 1815 hi-

246 1834 372 1912 sce
450 1836 776 1914 abundat
846 1839 1300 1927 calcareun1‚
1374 1838 1581 1937 quod
1658 1839 1834 1916 ideo
1907 1839 2160 1916 debita

244 1935 538 2012 ustione
594 1939 667 2012 in
714 1941 1003 2014 calcem
1053 1941 1310 2014 vivam
1386 1939 1576 2029 abit,
1649 1937 1778 2014 sed
1857 1937 2160 2043 nigram'

246 2038 376 2114 vel
453 2036 781 2128 fuscam,
861 2039 962 2114 ob
1018 2037 1723 2143 dephlogisticatam
1781 2042 2159 2145 Magnefii

242 2135 448 2214 basm
503 2137 954 2221 terrestrem.
1026 2139 1236 2216 Talis
1283 2141 1448 2217 calx
1502 2145 1714 2242 nigra
1757 2145 1834 2216 in
1890 2167 2156 2243 paroe-

246 2243 365 2315 cia
406 2239 807 2340 Uplandiae
857 2242 1065 2316 Lena
1110 2263 1456 2342 paratur,
1494 2267 1658 2341 quae
1691 2243 1947 2344 gluten
1995 2267 2156 2317 mu-

243 2343 403 2419 rale
482 2362 796 2447 generat
869 2344 1277 2435 eximium,
1358 2343 1440 2419 ὃς
1498 2343 1762 2436 citiuS,
1829 2343 1908 2423 &
1961 2343 2156 2421 ultra

247 2442 693 2521 consuetum
742 2439 1059 2519 modum
1110 2442 1639 2535 indurescens„
1695 2446 1918 2519 etiam
1973 2448 2049 2519 in
2080 2469 2156 2518 a-

245 2570 415 2645 qua.
478 2546 668 2621 Haec
774 2543 1135 2620 raestantia
1186 2549 1438 2645 potius
1472 2569 1593 2618 ma
1659 2546 1884 2641 aelio,
1927 2570 2153 2641 quam

243 2647 653 2721 inhaerenti
742 2669 913 2721 erro
972 2643 1467 2721 adscribenda
1521 2646 1599 2720 vi
1661 2638 1862 2737 etur,
1921 2668 2152 2743 quum

242 2745 533 2847 lapides
584 2746 895 2823 calcarei
946 2745 1331 2849 magnesio
1398 2744 1735 2846 spoliati,
1798 2744 2155 2821 martialis

242 2868 501 2923 tamen
571 2849 874 2923 circiter
942 2847 1205 2949 aequali
1256 2846 1414 2921 dofi
1463 2848 1996 2949 contaminati,
2066 2867 2152 2921 ac

244 2947 677 3043 LenenseS,
739 2946 983 3024 nihilo
1039 2951 1285 3023 minus
1364 2946 1820 3048 debiliorem
1895 2949 2154 3047 porri-

301 3072 430 3125 ant
486 3050 792 3126 calcem.
898 3048 1291 3124 Habemus
1349 3052 1424 3122 in
1490 3048 1755 3122 Svecia
1814 3049 2154 3149 pluribus

276 3154 433 3228 ocis
482 3152 859 3227 calcareos
910 3147 1198 3225 ustione
1258 3146 1766 3253 nigrescentes
1803 3202 1825 3241 ,
1878 3175 2042 3249 quae
2071 3147 2154 3225 si·

243 3276 344 3329 ne
402 3252 636 3332 dubio
692 3250 959 3328 eadem
1015 3251 1343 3354 gaudent
1410 3250 1708 3326 virtute.
1759 3310 1812 3337 .,
2165 3286 2170 3289 ·

394 3423 489 3503 IN
544 3420 861 3499 officinis
922 3423 1273 3500 vitriariis
1336 3413 1428 3499 ad
1483 3422 1884 3527 purganda
1962 3420 2156 3496 vitra

242 3521 703 3628 magnefiam
752 3522 1198 3599 adhibemus
1281 3526 1606 3627 nigram.
1735 3520 2154 3620 Quomodo

240 3625 409 3701 haec
464 3648 639 3727 agat
688 3626 765 3700 in
816 3624 1414 3725 praecedentibus
1466 3624 2010 3724 explicavimus
2059 3620 2153 3719 (§.

240 3726 441 3819 Vll,
493 3728 618 3826 F).
684 3724 1151 3905 CalcareamP
1177 3746 1494 3816 terram,
1555 3721 1938 3825 magnesio
1989 3719 2154 3895 {gg

1212 3848 1249 3920 3
