2760 4749
435 330 563 421 De
621 332 1164 457 Praecipitqtis
1225 288 1696 421 Mrmllicis.
1818 456 1823 461 Δ
1895 363 2049 448 395
2136 364 2141 370 ·

321 544 430 643 C)
483 542 856 622 Currum
909 542 1269 619 nonnulla
1317 548 1775 645 proecipit'ata
1830 549 2069 637 etiam.

145 648 539 755 quidquam
589 649 898 719 retinent
931 644 1212 743 prtstini
1257 646 1594 739 menstrui.
1622 672 1655 684 ··
1702 648 1810 721 Ita
1846 650 2059 727 Mer·

153 747 418 823 curius
455 743 886 825 sublimatus
919 742 1368 836 corrofivuS‚
1407 746 1625 821 alkali
1654 748 1811 825 fixo
1850 759 2055 825 aera·

95 866 100 871 ’
147 870 250 925 to
284 846 818 946 praecipitatuS,
867 846 1421 945 portiunculam
1478 847 1687 925 acidi·
1726 850 2055 923 muriati-

145 951 236 1024 ci
291 949 616 1038 retinet,
685 970 871 1045 aqua
947 970 1103 1023 non
1184 946 1622 1037 eluendam,
1701 970 1773 1023 at
1838 948 2056 1027 alkali

143 1048 486 1127 caustico
521 1044 1016 1127 sedimentum
1072 1046 1688 1146 obtineri‘potest
1740 1050 1888 1124 hoc
1936 1051 2055 1127 in-

139 1151 650 1249 quinamento
685 1148 807 1223 vel
837 1147 1271 1237 liberatum,
1316 1149 1438 1224 vel
1476 1146 1715 1229 saltim
1758 1152 2055 1255 parcius

139 1250 520 1330 dotatum.
624 1246 950 1327 Acidurn
1007 1258 1308 1325 aereum
1363 1250 1575 1337 heic,
1628 1276 1707 1327 ut
1768 1256 1843 1325 in
1896 1252 2054 1331 aliis

141 1348 601 1449 quibusdam
661 1347 1264 1439 cafibus,.sa1em
1321 1352 1697 1451 triplicem
1755 1354 1885 1428 vix
1937 1352 2053 1427 so·

138 1452 470 1529 labilem
507 1504 530 1537 ‚
598 1451 866 1555 gignit.
978 1447 1208 1528 Acidi
1268 1454 1639 1527 muriatici
1733 1450 2095 1551 praesen--

137 1556 256 1631 tia
305 1548 525 1627 facile
577 1572 897 1652 argento
947 1547 1226 1630 nitrato
1281 1550 1681 1649 proditur,
1734 1552 1786 1629 fi
1860 1580 2049 1651 prae-

139 1654 548 1751 cipitatum
597 1672 810 1727 antea
865 1646 1176 1730 solvitur
1223 1650 1442 1726 acido
1490 1677 1683 1751 puro
1738 1653 2048 1731 nitroso.

39 1751 42 1756 ’
137 1753 366 1832 Hinc
419 1752 650 1829 intelli
715 1755 861 1829 itur·
931 1750 1072 1825 alia
1155 1749 1652 1849 discrepantia*
1723 1752 2047 1857 hydrar-

205 1855 336 1956 yri
389 1876 482 1928 ex
537 1776 756 1931 aeigo
795 1854 1192 1929 muriatico
1253 1850 1521 1949 dejeffi
1562 1906 1583 1944 ‚
1654 1874 1883 1954 prout
1945 1852 2051 1927 al·

199 1955 301 2029 ali
349 1951 752 2029 adhibetur
801 1952 1038 2031 fixum
1098 1963 1429 2027 aerarum
1472 1954 1595 2028 vel
1626 1953 2047 2034 causticum.

134 2052 524 2133 Posterius
578 2057 867 2154 optime
926 2054 1163 2147 lotum
1214 2052 1294 2131 &
1350 2054 1567 2129 alkali
1606 2056 1884 2131 volatili
1912 2058 2048 2134 im-

137 2152 449 2233 miss'um
534 2180 679 2253 qua
746 2155 1082 2229 colorem
1170 2155 1304 2229 vix
1390 2177 1756 2247 mutatur,
1842 2159 2047 2257 prius

137 2280 346 2333 vero
397 2278 580 2329 mox
633 2253 935 2329 albescit
967 2312 986 2345 ,
1020 2253 1204 2330 ‘salis
1247 2254 1672 2336 alernbroth
1724 2254 2047 2357 speciem

135 2379 579 2461 generans,
651 2354 870 2430 acido
921 2374 1169 2432 tamen
1233 2352 1397 2430 salis
1450 2356 1639 2436 adeo
1693 2358 2048 2466 peupera·

131 2482 346 2549 tarn,
407 2480 486 2532 ut
544 2481 810 2556 aquam
861 2479 1066 2560 aegre
1112 2453 1387 2537 subeat.

299 2607 636 2698 CALcEs,
687 2634 850 2706 quae
908 2607 1200 2708 pristini
1249 2605 1599 2688 menstrui
1633 2607 2042 2708 quidquam

132 2712 514 2799 retinent,
567 2710 1010 2810 plerumque
1059 2712 1130 2784 in
1188 2707 1681 2786 destinatione
1733 2710 2042 2812 vestigia

131 2813 494 2912 praebent
543 2811 1036 2910 portiunculae
1086 2808 1550 2884 sublimatae.‘
1624 2811 2047 2890 Mercuria-

129 2917 228 2988 lis
289 2935 534 3010 nuper
614 2932 1030 2988 memorata
1080 2908 1469 3012 (afficienti
1516 2909 1846 3011 exposita
1884 2914 2049 3016 igni

127 3014 556 3116 partimin
623 3010 1202 3112 hydrargyrum
1280 3014 1543 3086 vivum
1624 3011 2048 3104 reducitur,

127 3115 432 3218 partim
491 3116 571 3188 in
623 3112 1094 3190 Mercurium
1151 3110 1441 3188 dulcem
1500 3113 1907 3210 redigitur,
1973 3141 2048 3190 o·

125 3240 235 3320 pe
310 3212 579 3290 refidui
641 3212 833 3289 acidi
887 3212 1278 3314 muriatici.
1412 3211 1562 3285 Hic
1618 3213 2047 3290 Mercurius

123 3317 390 3393 dulcis
441 3317 516 3388 in
560 3311 1238 3413 ips0‘praecipitato
1289 3313 1603 3386 minime
1654 3313 1931 3408 adfuit,
1965 3317 2045 3390 in

123 3421 291 3493 hoc
345 3419 549 3490 enim
603 3413 769 3488 casu
828 3413 1056 3487 acidis
1107 3411 1322 3486 facile
1377 3412 1824 3507 nudaretur,
1888 3418 2043 3513 qui·

119 3521 302 3594 bus·
339 3541 494 3590 non
531 3512 921 3598 solvitur,
971 3512 1050 3589 δι
1117 3513 1332 3588 alkali
1397 3511 1716 3588 caustico
1799 3518 2047 3618 nigre-

123 3619 386 3698 sceret
423 3671 448 3713 ,
501 3637 819 3712 quorum
871 3635 1218 3688 neutrum
1278 3614 1567 3693 accidit.
1678 3617 1827 3695 Sub
1892 3614 2051 3724 ipsa

133 3722 387 3828 igitur
439 3714 930 3794 destillatione
984 3717 1493 3817 componitur.
1936 3813 2019 3894 D
