2760 4749
566 207 581 218 .
1691 181 1708 234 ι

616 308 745 404 De
788 311 1145 406 Minert’s
1186 295 1433 430 ferri*
1472 309 1696 408 albis:
1821 411 1830 420 ,
1978 341 2136 434 ’2ε59

244 529 376 607 vel
428 527 839 608 arsenicum
886 529 1137 607 album
1192 533 1664 624 immittitur,
1743 532 1906 609 calx
1983 557 2142 612 ma-

242 631 486 808 Enefii
562 628 1139 736 phlogisticatur
1222 633 1302 708 &
1406 637 1700 712 colores
1799 657 2139 734 pereunt,

336 735 461 807 inc
526 733 1011 835 intelligitur,
1076 753 1210 808 cur
1277 735 1561 810 vitrum
1640 735 2142 834 crystallinum

242 833 567 934 vulgare
613 833 816 909 calce
870 829 1229 935 magnefii
1276 834 1650 929 rubescat,
1707 839 1758 911 fi
1813 857 2002 911 vero
2048 836 2146 912 al·

237 933 583 1010 kalinum
637 936 719 1010 in
770 925 903 1010 illo
952 932 1420 1032 dominetur,
1471 936 1893 1012 violaceum
1949 960 2144 1012 con·-

236 1036 482 1112 trahat
525 1034 887 1116 colorem.

390 1187 726 1262 Nrrnum
773 1188 854 1262 in
909 1179 1278 1264 cochleari
1330 1182 1574 1264 fusum
1634 1187 1941 1287 diffluit,
2009 1188 2140 1266 sed

206 1287 573 1363 'alkalino
640 1284 769 1361 sali
850 1311 1079 1388 parce
1131 1287 1468 1364 additum
1523 1287 1911 1393 globosam
1979 1289 2140 1367 for-

236 1413 447 1464 mam
506 1413 665 1464 non
718 1385 821 1462 im
884 1386 1055 1464 edit.
1160 1385 1502 1466 Pauxillo
1557 1391 1778 1468 calcis
1825 1413 2141 1492 magne-

232 1487 321 1566 fii
369 1488 589 1568 color
634 1489 781 1584 jam
875 1509 903 1564 t
958 1488 1224 1566 viridis
1275 1490 1376 1565 ob
1440 1487 1738 1576 ferrum
1817 1491 2139 1569 calcina-

234 1612 401 1666 tum
440 1648 477 1684 ,.
529 1589 735 1690 quod
782 1586 1030 1667 maffae
1082 1590 1417 1666 coeruleae
1472 1593 1815 1670 inhaeret·

380 1739 1005 1818 Menon-mltum
1054 1745 1552 1818 mutationum
1608 1741 1984 1844 pleraeque
2033 1761 2138 1819 et·-

231 1847 385 1920 iam
450 1845 529 1918 in
604 1843 990 1918 crucibulo
1042 1846 1308 1945 peragi
1358 1841 1704 1944 pofl'unt,
1776 1843 1901 1920 sed
1976 1865 2139 1922 non

230 1967 531 2021 omneS.
593 1947 903 2018 Vitrum
946 1942 1251 2043 quidem
1282 1945 1644 2036 rubrum,
1687 1945 2136 2021 addito-car·-
2205 1963 2212 1970 ·

230 2045 531 2122 bonum
585 2044 926 2145 pulvere,
975 2042 1405 2120 effervescit
1458 2047 1540 2122 δι
1589 2045 1821 2125 ῑίῃέὶιι
1873 2045 2142 2148 spolia·

230 2169 408 2234 tur,
459 2143 583 2221 sed
655 2143 875 2236 sales,
956 2145 1342 2222 vitriolico
1417 2146 1649 2221 dotati
1721 2146 1984 2240 acide,
2052 2147 2136 2224 &

232 2247 475 2322 calces
529 2245 925 2320 metallicae
978 2246 1396 2347 ignobiles,
1443 2250 1796 2348 (excepto
1859 2247 2133 2322 arseni-

232 2374 328 2426 co
386 2347 598 2436 albo,
654 2344 863 2447 quod
913 2345 1119 2423 suum
1162 2345 1382 2423 facile
1437 2350 1668 2429 mittit
1718 2347 2136 2425 inflamma-

230 2450 447 2549 bile,)
496 2447 686 2523 nihil
719 2446 997 2541 valent,
1036 2472 1209 2523 nam
1248 2451 1592 2573 quamvis
1631 2452 1941 2543 candeat
1973 2470 2152 2542 vass
2215 2458 2224 2468 ’

231 2572 379 2627 nec
438 2551 785 2640 acidum,
848 2571 989 2625 nec
1038 2549 1273 2625 calces
1324 2549 1502 2625 inde
1547 2545 1936 2650 phlooisto
1965 2545 2137 2627 satis

164 2730 175 2739 ,
230 2652 623 2755 gravidari
682 2646 1023 2751 poss'untg
1070 2648 1151 2725 δι
1180 2650 1386 2749 quod
1415 2650 1618 2725 hisce
1657 2616 1976 2731 inssaeret
2005 2651 2136 2726 du⁶

229 2756 419 2829 dum
454 2810 478 2847 ‚
533 2753 705 2827 heic
758 2749 1257 2825 divulfionem
1309 2768 1466 2825 non
1535 2752 1836 2861 patitur.
1939 2747 2132 2828 Car.

227 2854 524 2931 bonum
566 2853 988 2957 ignitorum
1039 2850 1423 2930 contad'tus
1471 2852 1902 2957 requiritur⁴

388 3006 631 3083 H1scss
700 3004 1029 3110 cognitis
1092 3005 1287 3098 usum
1358 2998 1710 3105 magmfiae
1763 3004 1988 3105 nigra?
2056 2998 2134 3081 in

208 3108 585 3209 purgando
630 3116 825 3181 vitro
876 3106 1074 3183 haud
1110 3103 1516 3187 difficulter,
1551 3104 1884 3183 enodare
1933 3102 2131 3183 lieet.

226 3209 534 3285 Scilicet
584 3206 920 3301 ferrum,
970 3203 1176 3305 quod
1226 3210 1656 3303 innumeras
1705 3205 1867 3283 fere
1904 3226 2134 3283 mate·

222 3310 373 3386 rias
428 3311 821 3408 inquinat,
876 3332 1031 3383 non
1081 3331 1253 3383 raro
1288 3310 1444 3383 tat'n
1497 3304 1867 3401 alkalin0,
1902 3330 2134 3406 quam

222 3409 699 3509 filiceo,quo
737 3412 1020 3484 vitrum
1067 3407 1503 3501 conficitur,
1556 3406 1893 3486 inhaeret.
1949 3409 2132 3485 Hoc

226 3530 476 3588 autem
534 3506 952 3598 metullum,
993 3528 1074 3585 ut
1118 3528 1570 3611 compagem
1629 3510 1858 3588 intret
1903 3508 2130 3586 vitre-

222 3634 389 3705 am,
449 3610 834 3713 phlogisti-
893 3632 1095 3689 certa
1164 3611 1323 3688 dost
1387 3615 1730 3713 privetur
1793 3626 2129 3718 oportet.

224 3714 577 3793 Maxima
634 3730 879 3791 autern
938 3716 1311 3812 quantitas
1327 3762 1351 3810 ,
1403 3740 1548 3815 qua
1589 3712 1878 3796 servata
1923 3717 2128 3789 vitro

318 3834 546 3921 Bergm.
566 3817 764 3921 opust.
790 3836 913 3905 Vol.
938 3838 1023 3899 ΙΙ.
1150 3814 1228 3895 O
1958 3828 2124 3944 pot·
