2760 4749
701 270 875 385 416
929 264 1058 355 De
1081 264 1598 357 minerarum
1624 258 2087 375 Docimasia
2126 258 2517 361 humida.

698 478 1180 561 Decanthato
1228 476 1522 579 liquido
1574 483 1916 583 operatio
1950 482 2221 579 aequali
2259 484 2631 567 menstrui

697 584 1061 687 portione
1113 602 1547 683 repetatur,
1592 582 1716 675 ἃ,
1767 582 1902 660 nifi
1937 607 2217 686 purum
2257 588 2427 683 jam
2482 588 2631 665 fue·

697 687 800 763 rit
857 682 1340 787 segregatum
1394 682 1705 785 sulphur
1733 741 1756 774 ,
1805 683 2061 761 denuo
2112 710 2447 775 ,novum
2510 692 2629 765 ad·
2721 716 2723 767 ε

697 786 1048 863 hibentur
1103 782 1587 861 menstruum.
1693 785 2022 889 Argenti
2066 788 2335 865 ultima
2411 789 2627 865 vesti·
2721 814 2723 851 ι

699 890 828 993 gia
881 886 1371 990 pertinaciter
1417 883 1751 986 sulphuri
1795 887 2199 964 adhaerent.
2312 890 2401 963 Si
2448 891 2627 990 quid

699 990 862 1066 auri
907 985 1130 1081 inest,
1183 987 1338 1063 hoc
1398 985 1804 1065 insolutum
1851 990 1934 1065 in
1976 986 2224 1066 fundo
2273 988 2539 1069 restat.

854 1142 1240 1241 LrQJoRns
1287 1139 1870 1221 decanthatione
1939 1140 2284 1237 ennesii,
2360 1144 2623 1222 addita

691 1246 937 1321 muria
1007 1242 1423 1343 spolientur
1486 1263 1850 1320 contento
1910 1263 2330 1347 argenteo,
2410 1248 2621 1346 quod

691 1346 938 1422 lotum
995 1344 1078 1421 ὅτ.
1122 1343 1473 1419 siccatum
1525 1343 1612 1420 fit
1646 1344 1997 1447 pondere
2042 1346 2341 1447 aequale
2390 1352 2503 1427 τὸ·
2547 1376 2619 1440 a,

695 1449 779 1525 δι
827 1448 972 1525 erit
1018 1444 1405 1547 quaefitum
1450 1470 1512 1521 x
1540 1456 1817 1549 ={g-3
1865 1474 1930 1533 a,

770 1598 778 1605 ’
863 1592 1209 1677 Sounion
1297 1596 1603 1675 seorfim
1693 1601 2215 1703 ponderetur,
2298 1602 2615 1703 ejusque

690 1702 1036 1807 pondu3‚
1085 1698 1819 1794 inventovadditum,
1875 1727 2018 1779 100
2069 1700 2307 1777 libras
2368 1704 2616 1780 effice-

694 1828 782 1881 re
833 1802 1062 1878 debet
1087 1855 1108 1893 ‚
1147 1800 1200 1877 si
1247 1802 1505 1877 omnia
1554 1804 1701 1889 rite
1726 1802 2023 1902 perasta
2056 1806 2421 1899 fuerunt,
2460 1806 2613 1882 nul-

689 1906 911 2002 laque
958 1902 1331 2004 sulphuris
1377 1902 1928 2004 decompofitio
1973 1926 2431 2005 provocata.

843 2059 1144 2156 Liquon
1191 2054 1551 2132 transiens
1630 2056 1903 2148 claruS,
1997 2072 2457 2136 remanente
2531 2062 2607 2136 in

688 2156 891 2236 filtro
940 2178 1263 2261 argento
1321 2156 1571 2250 salito,
1608 2161 1769 2257 'ope
1820 2156 2047 2232 alkali
2113 2159 2605 2263 phlogistica-

687 2262 752 2337 ti
798 2282 983 2363 mm}
1030 2257 1293 2360 prodit
1361 2260 1769 2358 peregrina
1842 2260 2140 2334 metalla
2216 2260 2429 2338 forte
2501 2266 2603 2337 in·

687 2362 1105 2453 haerentia,
1157 2361 1395 2459 iisque
1444 2358 1853 2436 deturbatis
1886 2413 1909 2452 ‚
1969 2356 2187 2436 'alkali
2240 2362 2411 2440 fixo
2494 2376 2606 2439 ae·
2720 2435 2723 2456 ,

685 2485 898 2544 rato:
931 2459 1308 2538 terrestria
1396 2459 1633 2546 soluta
1712 2482 2115 2539 tententur.
2245 2466 2604 2541 Matr-icis
2721 2544 2723 2556 ,

687 2590 850 2641 non
897 2542 1237 2640 solubilis
1291 2561 1629 2660 reliquiae
1676 2587 1715 2636 a
1770 2561 2187 2662 sulphureis
2267 2566 2601 2641 molecu·

685 2665 778 2744 lis
833 2689 1039 2769 aegre
1095 2663 1635 2767 segregantur,
1688 2665 1769 2738 in
1821 2663 2113 2740 bilance
2166 2666 2413 2768 igitur
2457 2669 2601 2770 pri·

684 2793 900 2844 mum
941 2783 1329 2866 'quaeratur
1371 2762 1806 2866 ponderum
1852 2763 2175 2856 summa,
2232 2765 2422 2843 dein
2484 2795 2601 2844 au·
2721 2820 2723 2866 =

683 2883 844 2944 tem
877 2863 1158 2945 adfuso
1212 2865 1484 2943 lixivio
1527 2863 1855 2941 alkalino
1909 2865 2232 2943 caustico
2276 2868 2446 2945 leni
2492 2871 2601 2946 di-

738 2967 1045 3045 estionis
1105 2969 1352 3046 calore
1427 2965 1754 3042 soluatur
1823 2965 2176 3068 sulphur,
2261 2969 2466 3047 adeo
2524 2993 2599 3047 ut
2721 2999 2723 3002 ·

717 3071 838 3148 ola
889 3069 1139 3146 restet
1163 3071 1440 3160 matrix
1466 3121 1488 3160 ‚
1522 3067 1729 3166 cujus
1758 3069 2100 3167 pondere
2130 3068 2315 3146 dato
2367 3073 2595 3165 etiam

679 3170 1060 3272 sulphuris
1114 3168 1628 3272 cognoscitur.
1738 3169 1935 3244 Non
1990 3170 2305 3264 diutius,
2368 3183 2597 3272 quam
2721 3170 2723 3210 ²

678 3297 873 3374 opus
928 3270 1032 3366 est
1061 3323 1083 3363 ,
1162 3270 1657 3373 protrahatur
1720 3269 2080 3374 digestio,
2140 3298 2321 3350 nam
2392 3296 2599 3352 terra
2721 3283 2723 3291 ’

675 3373 924 3460 silicea
975 3372 1325 3449 lixivium
1358 3371 1581 3447 etiam
1632 3369 1887 3449 subire
1925 3373 2170 3473 potest
2200 3433 2225 3470 ,
2273 3377 2597 3454 interim
2721 3419 2723 3462 ς

674 3496 936 3576 tarnen
984 3474 1138 3549 hoc
1189 3472 1771 3549 incommodum
1810 3476 1942 3550 vix
1990 3473 2595 3578 exspestandum

675 3575 821 3672 est,
875 3601 1049 3654 nam
1102 3573 1371 3664 divifio
1419 3595 1578 3650 tum
1628 3577 2031 3673 requiritur
2103 3577 2335 3683 longe
2412 3602 2591 3682 per·

672 3677 947 3762 festior
997 3673 1435 3774 mechanica
1484 3675 2034 3776 pulveratione.
2474 3779 2587 3882 C)
