2760 4749
630 344 793 431 394
1000 312 1124 403 De
1187 310 1724 421 Praecipitatis
1781 310 2258 403 Metallicis.

618 526 869 603 locum
919 527 1144 603 habet
1214 522 1822 615 effervescentia,
1891 550 2032 605 nec
2099 526 2248 603 ulla
2319 552 2529 628 pona

620 626 823 703 deris
899 628 1326 706 diminutio·
1429 630 1506 707 Si
1559 652 1745 727 aqua
1800 629 1880 703 in
1953 652 2273 727 utroque
2323 656 2522 729 prae-

619 730 927 829 cipitato
1013 731 1323 829 ponitur
1447 730 1746 830 aequalis
1840 726 2084 805 maffae
2122 778 2146 823 ‚
2263 730 2522 805 nihilo

616 832 892 922 mium,
948 829 1073 905 illa
1126 828 1538 925 subtrach,
1590 826 1920 917 excessus
1967 853 2126 905 non
2179 829 2518 924 deletur,

616 955 796 1006 nam
851 942 1118 1009 116--2
1155 942 1538 1019 8.·=,108.‚-
1583 1012 1596 1019 ,
1637 930 1934 1015 Nonne
1979 933 2002 1004 i
2067 934 2214 1005 itur
2275 952 2516 1019 mate-

612 1032 725 1109 ria
766 1028 1035 1109 caloris
1090 1029 1275 1115 calci.
1324 1030 1718 1136 adfigatur,
1769 1056 1934 1129 quae
1983 1056 2022 1106 a
2055 1030 2208 1114 kali,
2249 1028 2517 1105 causti-

614 1156 709 1207 co
764 1129 1073 1233 semper
1112 1130 1434 1213 inhaeret
1463 1185 1487 1226 ,
1532 1156 1707 1209 nam
1751 1131 1978 1207 acidis
2049 1131 2516 1231 simplicibus

610 1228 929 1315 solutum
1015 1256 1434 1333 numquam
1509 1258 1665 1310 non
1757 1232 2092 1308 calorem
2161 1229 2513 1308 excitat?

610 1330 839 1409 Hanc
914 1334 1363 1434 opinionem
1426 1331 1804 1433 sequentia
1862 1332 2324 1409 confirmare
2397 1334 2514 1408 vi-

613 1434 906 1517 dentur.
1022 1458 1136 1511 120
1188 1434 1708 1537 Augmentum
1757 1433 2122 1534 ponderis
2173 1456 2384 1533 aegre
2425 1433 2512 1509 fi-

611 1558 711 1611 ne
776 1534 993 1611 omni
1087 1534 1562 1612 incremento
1639 1536 1972 1609 materiae
2052 1537 2522 1635 concipiturq

611 1660 736 1713 ατο
788 1634 995 1717 Dum
1050 1634 1451 1712 adhibetur
1510 1634 1736 1719 alkali
1788 1634 2186 1719 causticam
2273 1635 2509 1737 suspi-

610 1740 734 1812 cio
781 1738 862 1819 in
918 1735 1195 1817 nuliam
1247 1736 1466 1819 aliam
1527 1739 1920 1819 materiam
1981 1738 2257 1823 cadere
2333 1760 2512 1839 pot-

608 1836 732 1919 est.
838 1861 963 1933 320
1024 1836 1305 1919 Eadem
1376 1836 1589 1923 causa
1647 1840 1730 1917 in
1799 1837 2308 1929 calcinatiane:
2353 1838 2510 1929 'fic-

604 1962 738 2029 ca,
796 1937 1097 2038 pondus
1143 1959 1510 2039 augente,
1557 1940 1782 2023 ctiam
1833 1935 2056 2027 adest.‚
2153 1964 2286 2039 42o
2331 1942 2508 2029 No,-

602 2058 799 2115 tetur
850 2038 929 2119 in
983 2038 1542 2119 thermometro
1589 2038 1836 2131 calor,
1875 2040 2007 2137 qui
2035 2038 2348 2129 miscela
2377 2041 2506 2118 de·

600 2138 1175 2217 terminatarum
1226 2140 1712 2239 portionum,
1774 2140 1970 2225 acidi
2003 2140 2505 2238 cujusdam&

600 2238 771 2317 salis
820 2238 1127 2317 alkalini
1180 2236 1472 2321 caustici
1511 2293 1534 2333 ,
1587 2241 1847 2318 oritur.
1979 2238 2184 2315 Dein
2256 2266 2501 2341 aequa·

599 2340 693 2418 lis
744 2338 1078 2440 ejusdem
1136 2337 1490 2422 menstrui
1609 2343 1808 2440 ortio
1864 2341 2165 2426 metallo
2225 2340 2504 2420 sature-

528 2501 539 2512 ,
600 2463 771 2534 tur,
821 2441 899 2522 &
938 2495 957 2530 ,
1002 2441 1153 2520 hoe
1206 2439 1412 2520 saeco
1456 2445 1533 2519 in
1599 2441 1848 2520 illetur
1911 2443 2208 2542 aequalis
2291 2443 2502 2532 alka-

597 2543 651 2617 li
703 2539 993 2618 caustici
1063 2540 1447 2630 mensura,
1525 2569 1608 2618 ac
1692 2566 1961 2635 antea,
2039 2546 2498 2645 reperietur·

596 2668 742 2743 que
792 2644 917 2726 vel,
967 2643 1255 2722 nullum
1324 2643 1591 2722 caloris
1671 2645 2276 2738 incrementum,
2337 2646 2500 2722 ‘vel

652 2745 853 2820 tiore
908 2745 1339 2828 notabiliter
1397 2746 1662 2824 minus.
1772 2743 2206 2845 Quidquam
2261 2747 2501 2850 igitur

591 2771 807 2938 Kujus
882 2847 1213 2921 materiae
1286 2867 1469 2919 mox
1555 2843 1940 2944 suscipitur
2019 2823 2098 2920 ὃς
2169 2845 2500 2948 ligatur,

580 2943 798 3040 'quod
854 2947 1073 3020 etiarn
1124 2943 1420 3022 colores
1472 2947 2102 3046 praecipitatorum
2155 2947 2500 3045 plerum·

590 3065 735 3140 que
807 3043 1283 3122 obscuriores
1340 3043 1516 3120 facit
1551 3102 1571 3138 ,
1643 3047 1722 3122 &
1758 3104 1780 3137 ,
1832 3048 1910 3122 in
1989 3045 2498 3126 destillatione

588 3145 772 3218 cuni
805 3143 949 3221 sale
1004 3147 1524 3242 ammoniaco,
1579 3147 1792 3230 alkali
1829 3147 2116 3232 volatili.
2157 3149 2496 3238 haustam

588 3249 1097 3326 communicat
1145 3245 1380 3330 dofin.

744 3397 935 3504 QAE
986 3395 1080 3472 de
1140 3397 1456 3497 plumbo
1505 3399 1654 3496 jam
1697 3399 1892 3484 dista
1949 3399 2117 3479 sum
2171 3400 2270 3477 de
2325 3403 2493 3483 aliis

516 3581 531 3596 ,
582 3522 883 3600 quoque
941 3499 1194 3578 valent
1226 3501 1566 3591 metallis,
1607 3504 1860 3600 paucis
1889 3506 2284 3601 exceptis,
2318 3530 2494 3602 quae

581 3606 845 3703 parum
896 3600 1017 3676 vel
1076 3600 1264 3675 ‘nihii
1312 3601 1504 3677 acidi
1561 3603 1759 3676 aerei
1793 3599 2162 3703 suscipere
2204 3605 2494 3682 ,viden-

481 3748 487 3753 ·
579 3727 755 3881 uir,
810 3702 919 3778 uti
974 3699 1315 3784 stannum
1356 3755 1379 3798 ,
1449 3703 1990 3794 antimonium,
2055 3727 2326 3788 aurum
2409 3708 2494 3790 &

574 3833 627 3911 p
662 3808 879 3884 atina.
2001 3819 2008 3828 '
2393 3810 2494 3910 C)
