2760 4749
611 363 726 449 44
1194 332 1321 423 De
1366 356 1586 422 terra
1621 336 1932 443 filicea.

574 628 581 635 ,
772 572 895 645 3εο
963 546 1194 649 Quon
1255 547 1620 637 filiceum‚
1685 571 1725 624 e
1803 548 1976 628 vase
2050 568 2346 628 retorto
2411 550 2498 627 in

610 652 1025 749 recipiens,
1106 650 1322 728 acido
1378 650 1698 726 solutum
1767 650 1892 725 vel
1953 648 2498 726 volatilisatum

607 752 963 839 transeat,
1016 749 1095 827 &
1138 754 1213 825 in
1266 776 1453 848 aqua
1502 751 1950 851 deponatur,
2002 754 2500 853 variis'expe-

606 855 959 929 timentis
1027 858 1550 926 contrariatur.
1654 854 1729 925 Si
1797 850 1969 927 loco
2023 877 2232 951 aquae
2297 851 2504 927 alco-

570 954 741 1031 ·hol
793 953 953 1030 vini
996 954 1391 1051 recipienti
1428 952 1891 1042 immittitur,
1938 954 2232 1027 acidum
2268 956 2501 1027 ineo

608 1054 1023 1158 colligitur,
1094 1052 1219 1127 sed
1285 1052 1523 1127 nullus
1586 1073 1978 1152 comparet
2031 1054 2280 1154 pulvis
2343 1051 2502 1127 fili·

608 1179 805 1243 ceuS‚
832 1155 1039 1252 quod
1084 1175 1335 1229 tamen
1371 1153 1534 1228 fieri
1581 1152 1895 1227 deberet
1931 1176 2024 1227 ex
2077 1151 2504 1255 hypothefi

602 1254 1227 1332 volatilisationiS.
1335 1252 1550 1329 Plura
1595 1251 1741 1327 huc
1778 1256 2236 1357 pertinentia
2283 1252 2502 1331 infra

608 1355 1063 1433 adferuntur.
1645 1358 1649 1364 '
1795 1358 1798 1363 ’

564 1577 572 1585 .
760 1507 1139 1585 (ἶετειωΜ
1190 1506 1445 1605 pulvis
1492 1504 1927 1605 recipientis
1995 1506 2240 1605 probe
2291 1505 2500 1582 lotus

605 1610 687 1687 &
740 1634 913 1685 curn
952 1606 1201 1683 acido
1264 1607 1556 1682 vitrioli
1615 1604 2016 1681 destillatus
2087 1607 2263 1682 loco
2325 1633 2495 1684 non

603 1731 1007 1800 movetur,
1080 1707 1318 1783 multo
1375 1718 1620 1781 minus
1682 1709 1758 1781 in
1818 1708 2190 1805 recipiens
2243 1729 2496 1786 trans-

602 1810 895 1901 fertur,
950 1809 1386 1907 nullumque
1438 1808 1768 1908 porrigit
1837 1808 2130 1881 acidum
2195 1808 2494 1885 fluoris.

603 1914 737 1988 Ne
788 1912 969 2009 quis‘
1005 1908 1258 1983 credat
1305 1908 1456 2005 jam
1509 1906 1750 1985 deess'e
1799 1906 2237 2010 phlogiston
2273 1908 2491 1985 vola-

603 2010 988 2086 tilisationi
1044 2006 1577 2101 necessarium,
1630 2009 1996 2084 addantur
2044 2008 2192 2083 olei
2244 2008 2494 2085 oliva-

602 2134 773 2186 rum
838 2133 1095 2210 paucae
1148 2130 1404 2208 guttae‚
1456 2108 1534 2185 &
1588 2132 1736 2210 ope
1787 2110 1989 2208 ignis
2037 2109 2215 2183 hinc
2273 2110 2492 2185 albus

548 2219 552 2223 ’
602 2212 891 2288 orietur
909 2212 1215 2306 {fumus,
1272 2214 1433 2307 qui,
1475 2208 1528 2284 fi
1563 2232 1986 2285 extremum
2031 2209 2208 2283 colli
2241 2231 2490 2283 retor-

602 2335 697 2390 tae
750 2312 1227 2410 immergitur
1275 2334 1527 2410 aquae,
1578 2314 1657 2388 in
1700 2312 1852 2408 ejus
1892 2307 2280 2410 superficie
2325 2311 2490 2385 cito

506 2423 515 2440 '
604 2413 1456 2520 generatmembranam
1489 2413 1730 2485 albam
1770 2411 2268 2511 sqvamosam.
2297 2411 2490 2488 Hoc

600 2519 873 2595 leviter
941 2513 1207 2589 videns
1258 2511 1473 2587 facile
1543 2511 1768 2587 filicei
1830 2509 2492 2588 vola-tilisationem

602 2614 1190 2693 demonstratam
1244 2611 1602 2702 crederet,
1646 2610 1769 2687 sed
1827 2612 2276 2688 adcuratiori
2307 2634 2490 2686 exa-

604 2720 807 2791 mine
870 2713 1246 2790 evanescit
1309 2711 1768 2816 phantasma.
1873 2711 2066 2786 Haec
2119 2714 2490 2790 nimirum

603 2815 1043 2890 membrana
1099 2813 1289 2887 nihil
1351 2812 1494 2892 ess'e
1557 2813 1755 2888 aliud
1802 2815 2198 2912 reperitur,
2252 2837 2492 2912 quarn

602 2917 913 2989 materia
984 2913 1329 3009 sebacea‚
1401 2939 1495 2990 ex
1565 2917 1734 2990 oleo
1810 2915 2190 2989 mediante
2259 2913 2490 2990 acido

604 3017 995 3116 coagulata
1060 3014 1141 3089 &
1214 3014 1402 3089 fumi
1457 3015 1764 3115 abrepta
1818 3016 2181 3106 flumine,
2241 3037 2488 3112 eaque

603 3117 862 3218 prodit
914 3117 1135 3190 etiam
1186 3114 1239 3190 fi
1274 3116 1551 3205 oleum,
1591 3115 1729 3191 soli
1768 3113 1986 3190 acido
2026 3114 2484 3208 instillatum,

602 3223 783 3320 igne
831 3237 1239 3312 torquetur.
1346 3218 1451 3290 Sit
1501 3217 1799 3290 acidum
1849 3217 2104 3292 fluoris
2153 3237 2484 3291 tantum-

602 3316 840 3394 modo
892 3315 1349 3392 vitriolicum
1404 3317 1944 3410 modificatum,
1998 3313 2204 3414 quod
2250 3316 2486 3416 pluri-

600 3419 737 3492 bus
791 3415 1327 3516 experimentis
1375 3415 1879 3493 decidendum
1937 3415 2485 3515 relinqu0‚fin-

600 3517 875 3622 gularis
928 3539 1182 3592 tamen
1258 3521 1418 3592 haec
1477 3519 1786 3592 mutatio
1851 3516 1936 3592 fit
1998 3539 2346 3618 oportet,
2397 3516 2484 3593 &

600 3619 693 3694 ab
750 3619 915 3709 illa,
963 3643 1125 3715 quae
1180 3617 1562 3720 phlogisto
1617 3619 1852 3720 vulgo
1895 3616 2260 3712 efficitur,
2311 3636 2479 3693 toto

596 3715 787 3800 coelo
849 3717 1167 3796 diversa.
1270 3719 1566 3820 Interea
1631 3719 1894 3824 negari
1958 3718 2123 3820 jure
2172 3717 2484 3833 nequit,

926 3843 933 3848 ·
1929 3855 1952 3866 ν
2291 3843 2482 3922 qum
