<?xml version="1.0" encoding="UTF-8"?>
<!DOCTYPE html PUBLIC "-//W3C//DTD XHTML 1.0 Transitional//EN"
    "http://www.w3.org/TR/xhtml1/DTD/xhtml1-transitional.dtd">
<html xmlns="http://www.w3.org/1999/xhtml" xml:lang="en" lang="en">
 <head>
  <title>
</title>
<meta http-equiv="Content-Type" content="text/html;charset=utf-8" />
  <meta name='ocr-system' content='tesseract 3.04.00' />
  <meta name='ocr-capabilities' content='ocr_page ocr_carea ocr_par ocr_line ocrx_word'/>
</head>
<body>
  <div class='ocr_page' id='page_1' title='image "./opusculaphysica04berggoog/opusculaphysica04berggoog_0244.png"; bbox 0 0 2760 4749; ppageno 0'>
   <div class='ocr_carea' id='block_1_1' title="bbox 660 313 1928 434">
    <p class='ocr_par' dir='ltr' id='par_1_1' title="bbox 660 313 1928 434">
     <span class='ocr_line' id='line_1_1' title="bbox 660 313 1928 434; baseline -0.006 -23"><span class='ocrx_word' id='word_1_1' title='bbox 660 347 823 434; x_wconf 79' lang='lat'>242</span> <span class='ocrx_word' id='word_1_2' title='bbox 1372 315 1502 406; x_wconf 87' lang='lat' dir='ltr'>De</span> <span class='ocrx_word' id='word_1_3' title='bbox 1565 313 1928 408; x_wconf 69' lang='lat' dir='ltr'>Nice-olo.</span> 
     </span>
    </p>
   </div>
   <div class='ocr_carea' id='block_1_2' title="bbox 524 525 2566 2621">
    <p class='ocr_par' dir='ltr' id='par_1_2' title="bbox 630 525 2566 1537">
     <span class='ocr_line' id='line_1_2' title="bbox 654 525 2558 634; baseline -0.001 -26"><span class='ocrx_word' id='word_1_4' title='bbox 654 531 729 608; x_wconf 87' lang='lat' dir='ltr'>la</span> <span class='ocrx_word' id='word_1_5' title='bbox 794 528 1111 608; x_wconf 82' lang='lat' dir='ltr'>arseniei</span> <span class='ocrx_word' id='word_1_6' title='bbox 1165 527 1622 634; x_wconf 80' lang='lat' dir='ltr'>supereffent</span> <span class='ocrx_word' id='word_1_7' title='bbox 1671 525 2024 632; x_wconf 79' lang='lat' dir='ltr'>vestigia,</span> <span class='ocrx_word' id='word_1_8' title='bbox 2069 527 2278 626; x_wconf 88' lang='lat' dir='ltr'>quod</span> <span class='ocrx_word' id='word_1_9' title='bbox 2323 528 2558 607; x_wconf 82' lang='lat' dir='ltr'>vehe-</span> 
     </span>
     <span class='ocr_line' id='line_1_3' title="bbox 652 628 2556 730; baseline -0.003 -20"><span class='ocrx_word' id='word_1_10' title='bbox 652 653 991 710; x_wconf 84' lang='lat' dir='ltr'><strong>mentem</strong></span> <span class='ocrx_word' id='word_1_11' title='bbox 1070 655 1161 710; x_wconf 86' lang='lat'>12</span> <span class='ocrx_word' id='word_1_12' title='bbox 1232 635 1590 712; x_wconf 87' lang='lat' dir='ltr'>horarum</span> <span class='ocrx_word' id='word_1_13' title='bbox 1649 630 2228 708; x_wconf 85' lang='lat' dir='ltr'>calcinationem</span> <span class='ocrx_word' id='word_1_14' title='bbox 2300 628 2556 730; x_wconf 85' lang='lat' dir='ltr'>postu-</span> 
     </span>
     <span class='ocr_line' id='line_1_4' title="bbox 650 731 2560 823; baseline -0.001 -14"><span class='ocrx_word' id='word_1_15' title='bbox 650 734 863 810; x_wconf 88' lang='lat' dir='ltr'>lavit.</span> <span class='ocrx_word' id='word_1_16' title='bbox 966 733 1221 810; x_wconf 88' lang='lat' dir='ltr'>Pulvis</span> <span class='ocrx_word' id='word_1_17' title='bbox 1274 735 1595 823; x_wconf 72' lang='lat' dir='ltr'>demum</span> <span class='ocrx_word' id='word_1_18' title='bbox 1643 731 1924 808; x_wconf 85' lang='lat' dir='ltr'>restans</span> <span class='ocrx_word' id='word_1_19' title='bbox 1975 735 2282 806; x_wconf 88' lang='lat' dir='ltr'>cinereo</span> <span class='ocrx_word' id='word_1_20' title='bbox 2349 733 2560 808; x_wconf 84' lang='lat' dir='ltr'>vire·</span> 
     </span>
     <span class='ocr_line' id='line_1_5' title="bbox 650 829 2552 935; baseline -0.003 -23"><span class='ocrx_word' id='word_1_21' title='bbox 650 833 864 912; x_wconf 88' lang='lat' dir='ltr'>scens</span> <span class='ocrx_word' id='word_1_22' title='bbox 914 833 1259 934; x_wconf 84' lang='lat' dir='ltr'>pondere</span> <span class='ocrx_word' id='word_1_23' title='bbox 1319 843 1465 932; x_wconf 84' lang='lat'>364</span> <span class='ocrx_word' id='word_1_24' title='bbox 1512 833 1812 935; x_wconf 79' lang='lat' dir='ltr'>aequalis</span> <span class='ocrx_word' id='word_1_25' title='bbox 1859 829 2038 924; x_wconf 86' lang='lat' dir='ltr'>fuit,</span> <span class='ocrx_word' id='word_1_26' title='bbox 2085 829 2368 931; x_wconf 80' lang='lat' dir='ltr'>regulus</span> <span class='ocrx_word' id='word_1_27' title='bbox 2419 855 2552 906; x_wconf 90' lang='lat' dir='ltr'>ve-</span> 
     </span>
     <span class='ocr_line' id='line_1_6' title="bbox 650 933 2552 1036; baseline -0.003 -22"><span class='ocrx_word' id='word_1_28' title='bbox 650 959 746 1014; x_wconf 88' lang='lat' dir='ltr'>ro</span> <span class='ocrx_word' id='word_1_29' title='bbox 778 988 802 1028; x_wconf 87' lang='lat'>,</span> <span class='ocrx_word' id='word_1_30' title='bbox 861 936 1025 1034; x_wconf 87' lang='lat' dir='ltr'>qui,</span> <span class='ocrx_word' id='word_1_31' title='bbox 1076 934 1242 1036; x_wconf 89' lang='lat' dir='ltr'>post</span> <span class='ocrx_word' id='word_1_32' title='bbox 1300 934 1824 1012; x_wconf 71' lang='lat' dir='ltr'>redustionem</span> <span class='ocrx_word' id='word_1_33' title='bbox 1891 955 2032 1034; x_wconf 87' lang='lat' dir='ltr'>per</span> <span class='ocrx_word' id='word_1_34' title='bbox 2102 952 2256 1007; x_wconf 87' lang='lat' dir='ltr'>tres</span> <span class='ocrx_word' id='word_1_35' title='bbox 2333 933 2552 1008; x_wconf 80' lang='lat' dir='ltr'>horae</span> 
     </span>
     <span class='ocr_line' id='line_1_7' title="bbox 651 1030 2552 1135; baseline -0.003 -24"><span class='ocrx_word' id='word_1_36' title='bbox 651 1033 1104 1135; x_wconf 85' lang='lat' dir='ltr'>quadrantes</span> <span class='ocrx_word' id='word_1_37' title='bbox 1139 1037 1231 1112; x_wconf 75' lang='lat' dir='ltr'>in</span> <span class='ocrx_word' id='word_1_38' title='bbox 1292 1037 1472 1112; x_wconf 72' lang='lat' dir='ltr'>foco</span> <span class='ocrx_word' id='word_1_39' title='bbox 1545 1032 1842 1128; x_wconf 83' lang='lat' dir='ltr'>fabrili,</span> <span class='ocrx_word' id='word_1_40' title='bbox 1915 1030 2288 1109; x_wconf 86' lang='lat' dir='ltr'>fortiffimi</span> <span class='ocrx_word' id='word_1_41' title='bbox 2345 1034 2552 1135; x_wconf 87' lang='lat' dir='ltr'>ignis</span> 
     </span>
     <span class='ocr_line' id='line_1_8' title="bbox 650 1132 2548 1240; baseline -0.003 -28"><span class='ocrx_word' id='word_1_42' title='bbox 650 1161 841 1240; x_wconf 90' lang='lat' dir='ltr'>ope,</span> <span class='ocrx_word' id='word_1_43' title='bbox 891 1134 1293 1212; x_wconf 85' lang='lat' dir='ltr'>institutam</span> <span class='ocrx_word' id='word_1_44' title='bbox 1322 1190 1346 1230; x_wconf 86' lang='lat'>,</span> <span class='ocrx_word' id='word_1_45' title='bbox 1395 1134 1961 1236; x_wconf 81' lang='lat' dir='ltr'>adquirebatur,</span> <span class='ocrx_word' id='word_1_46' title='bbox 2011 1132 2204 1208; x_wconf 89' lang='lat' dir='ltr'>adeo</span> <span class='ocrx_word' id='word_1_47' title='bbox 2243 1155 2406 1209; x_wconf 88' lang='lat' dir='ltr'>erat</span> <span class='ocrx_word' id='word_1_48' title='bbox 2437 1159 2548 1207; x_wconf 83' lang='lat' dir='ltr'>re·</span> 
     </span>
     <span class='ocr_line' id='line_1_9' title="bbox 630 1233 2552 1338; baseline 0 -28"><span class='ocrx_word' id='word_1_49' title='bbox 630 1239 1071 1338; x_wconf 60' lang='lat' dir='ltr'>finem-ius,</span> <span class='ocrx_word' id='word_1_50' title='bbox 1138 1259 1219 1312; x_wconf 91' lang='lat' dir='ltr'>ut</span> <span class='ocrx_word' id='word_1_51' title='bbox 1266 1240 1345 1312; x_wconf 90' lang='lat' dir='ltr'>in</span> <span class='ocrx_word' id='word_1_52' title='bbox 1389 1239 1690 1323; x_wconf 72' lang='lat' dir='ltr'>scoriis,</span> <span class='ocrx_word' id='word_1_53' title='bbox 1739 1235 2248 1338; x_wconf 66' lang='lat' dir='ltr'>hyacinthino</span> <span class='ocrx_word' id='word_1_54' title='bbox 2281 1233 2552 1310; x_wconf 88' lang='lat' dir='ltr'>colore</span> 
     </span>
     <span class='ocr_line' id='line_1_10' title="bbox 650 1333 2566 1440; baseline -0.001 -28"><span class='ocrx_word' id='word_1_55' title='bbox 650 1335 1243 1430; x_wconf 70' lang='lat' dir='ltr'>dissinstiffimis,</span> <span class='ocrx_word' id='word_1_56' title='bbox 1282 1335 1731 1440; x_wconf 69' lang='lat' dir='ltr'>imperfe&amp;e</span> <span class='ocrx_word' id='word_1_57' title='bbox 1785 1357 2070 1412; x_wconf 86' lang='lat' dir='ltr'>tantum</span> <span class='ocrx_word' id='word_1_58' title='bbox 2125 1333 2566 1425; x_wconf 76' lang='lat' dir='ltr'>coaluiffet,&#39;</span> 
     </span>
     <span class='ocr_line' id='line_1_11' title="bbox 648 1435 2550 1537; baseline -0.004 -21"><span class='ocrx_word' id='word_1_59' title='bbox 648 1438 733 1516; x_wconf 76' lang='grc' dir='ltr'>δι</span> <span class='ocrx_word' id='word_1_60' title='bbox 792 1461 889 1514; x_wconf 89' lang='lat' dir='ltr'>ne</span> <span class='ocrx_word' id='word_1_61' title='bbox 957 1435 1265 1537; x_wconf 89' lang='lat' dir='ltr'>quidem</span> <span class='ocrx_word' id='word_1_62' title='bbox 1322 1440 1589 1516; x_wconf 86' lang='lat' dir='ltr'>borace</span> <span class='ocrx_word' id='word_1_63' title='bbox 1640 1435 1932 1526; x_wconf 86' lang='lat' dir='ltr'>addita,</span> <span class='ocrx_word' id='word_1_64' title='bbox 2003 1435 2422 1536; x_wconf 88' lang='lat' dir='ltr'>eademque</span> <span class='ocrx_word' id='word_1_65' title='bbox 2491 1437 2550 1509; x_wconf 88' lang='lat' dir='ltr'>i·</span> 
     </span>
    </p>

    <p class='ocr_par' dir='ltr' id='par_1_3' title="bbox 524 1535 2556 2621">
     <span class='ocr_line' id='line_1_12' title="bbox 708 1535 2548 1642; baseline -0.002 -28"><span class='ocrx_word' id='word_1_66' title='bbox 708 1540 822 1614; x_wconf 84' lang='lat' dir='ltr'>nis</span> <span class='ocrx_word' id='word_1_67' title='bbox 870 1539 1361 1616; x_wconf 84' lang='lat' dir='ltr'>vehementia</span> <span class='ocrx_word' id='word_1_68' title='bbox 1405 1545 1486 1616; x_wconf 89' lang='lat' dir='ltr'>in</span> <span class='ocrx_word' id='word_1_69' title='bbox 1533 1537 1926 1642; x_wconf 85' lang='lat' dir='ltr'>globulum</span> <span class='ocrx_word' id='word_1_70' title='bbox 1978 1539 2222 1638; x_wconf 88' lang='lat' dir='ltr'>potuit</span> <span class='ocrx_word' id='word_1_71' title='bbox 2267 1535 2548 1640; x_wconf 85' lang='lat' dir='ltr'>redigi.</span> 
     </span>
     <span class='ocr_line' id='line_1_13' title="bbox 644 1562 2550 1742; baseline -0.002 -24"><span class='ocrx_word' id='word_1_72' title='bbox 644 1562 931 1742; x_wconf 49' lang='lat' dir='ltr'>Reguli</span> <span class='ocrx_word' id='word_1_73' title='bbox 1012 1639 1232 1740; x_wconf 86' lang='lat' dir='ltr'>hujus</span> <span class='ocrx_word' id='word_1_74' title='bbox 1302 1643 1634 1742; x_wconf 82' lang='lat' dir='ltr'>gravitas</span> <span class='ocrx_word' id='word_1_75' title='bbox 1707 1635 2046 1714; x_wconf 81' lang='lat' dir='ltr'>absoluta</span> <span class='ocrx_word' id='word_1_76' title='bbox 2109 1657 2272 1712; x_wconf 87' lang='lat' dir='ltr'>erat</span> <span class='ocrx_word' id='word_1_77' title='bbox 2361 1651 2550 1727; x_wconf 80' lang='lat'>180,</span> 
     </span>
     <span class='ocr_line' id='line_1_14' title="bbox 622 1739 2552 1842; baseline -0.002 -26"><span class='ocrx_word' id='word_1_78' title='bbox 622 1741 949 1840; x_wconf 78' lang='lat' dir='ltr'>specifica</span> <span class='ocrx_word' id='word_1_79' title='bbox 982 1764 1169 1816; x_wconf 88' lang='lat' dir='ltr'>vero</span> <span class='ocrx_word' id='word_1_80' title='bbox 1208 1747 1382 1833; x_wconf 58' lang='lat'>&amp;66</span> <span class='ocrx_word' id='word_1_81' title='bbox 1389 1749 1523 1818; x_wconf 85' lang='lat'>66:</span> <span class='ocrx_word' id='word_1_82' title='bbox 1573 1743 1887 1842; x_wconf 79' lang='lat' dir='ltr'>magneti</span> <span class='ocrx_word' id='word_1_83' title='bbox 1917 1739 2384 1838; x_wconf 77' lang='lat' dir='ltr'>pertinaciter·</span> <span class='ocrx_word' id='word_1_84' title='bbox 2411 1761 2552 1812; x_wconf 79' lang='lat' dir='ltr'>non</span> 
     </span>
     <span class='ocr_line' id='line_1_15' title="bbox 642 1837 2550 1940; baseline -0.001 -26"><span class='ocrx_word' id='word_1_85' title='bbox 642 1855 933 1915; x_wconf 80' lang='lat' dir='ltr'>tantum</span> <span class='ocrx_word' id='word_1_86' title='bbox 1007 1837 1398 1916; x_wconf 59' lang='lat' dir='ltr'>adhaerebat</span> <span class='ocrx_word' id='word_1_87' title='bbox 1423 1891 1446 1932; x_wconf 89' lang='lat'>‚</span> <span class='ocrx_word' id='word_1_88' title='bbox 1469 1839 1610 1940; x_wconf 76' lang='lat' dir='ltr'>fid</span> <span class='ocrx_word' id='word_1_89' title='bbox 1672 1845 1889 1917; x_wconf 79' lang='lat' dir='ltr'>etiam</span> <span class='ocrx_word' id='word_1_90' title='bbox 1951 1838 2234 1915; x_wconf 80' lang='lat' dir='ltr'>cuilibet</span> <span class='ocrx_word' id='word_1_91' title='bbox 2281 1839 2496 1935; x_wconf 76' lang='lat' dir='ltr'>ferro</span> <span class='ocrx_word' id='word_1_92' title='bbox 2521 1891 2550 1932; x_wconf 86' lang='lat'>‚</span> 
     </span>
     <span class='ocr_line' id='line_1_16' title="bbox 644 1934 2552 2040; baseline -0.001 -24"><span class='ocrx_word' id='word_1_93' title='bbox 644 1943 855 2016; x_wconf 78' lang='lat' dir='ltr'>immo</span> <span class='ocrx_word' id='word_1_94' title='bbox 900 1939 1197 2034; x_wconf 81' lang='lat' dir='ltr'>frustula</span> <span class='ocrx_word' id='word_1_95' title='bbox 1234 1941 1305 2040; x_wconf 83' lang='lat' dir='ltr'>se</span> <span class='ocrx_word' id='word_1_96' title='bbox 1350 1945 1648 2016; x_wconf 79' lang='lat' dir='ltr'>invicem</span> <span class='ocrx_word' id='word_1_97' title='bbox 1700 1934 2184 2029; x_wconf 81' lang='lat' dir='ltr'>attrahebant,</span> <span class='ocrx_word' id='word_1_98' title='bbox 2231 1961 2320 2014; x_wconf 81' lang='lat' dir='ltr'>ea</span> <span class='ocrx_word' id='word_1_99' title='bbox 2354 1963 2552 2039; x_wconf 80' lang='lat' dir='ltr'>prae·</span> 
     </span>
     <span class='ocr_line' id='line_1_17' title="bbox 642 2039 2556 2132; baseline 0 -18"><span class='ocrx_word' id='word_1_100' title='bbox 642 2060 853 2114; x_wconf 88' lang='lat' dir='ltr'>terea</span> <span class='ocrx_word' id='word_1_101' title='bbox 897 2041 1254 2129; x_wconf 60' lang='lat' dir='ltr'>instruens</span> <span class='ocrx_word' id='word_1_102' title='bbox 1300 2039 1729 2132; x_wconf 62' lang='lat' dir='ltr'>duailitate,</span> <span class='ocrx_word' id='word_1_103' title='bbox 1765 2060 1845 2114; x_wconf 91' lang='lat' dir='ltr'>ut</span> <span class='ocrx_word' id='word_1_104' title='bbox 1883 2062 1980 2114; x_wconf 85' lang='lat' dir='ltr'>ex</span> <span class='ocrx_word' id='word_1_105' title='bbox 2083 2039 2345 2115; x_wconf 89' lang='lat' dir='ltr'>lobulo</span> <span class='ocrx_word' id='word_1_106' title='bbox 2369 2092 2392 2132; x_wconf 88' lang='lat'>‚</span> <span class='ocrx_word' id='word_1_107' title='bbox 2427 2064 2556 2114; x_wconf 87' lang='lat' dir='ltr'>cu·</span> 
     </span>
     <span class='ocr_line' id='line_1_18' title="bbox 640 2137 2552 2240; baseline 0.001 -26"><span class='ocrx_word' id='word_1_108' title='bbox 640 2137 759 2240; x_wconf 86' lang='lat' dir='ltr'>jus</span> <span class='ocrx_word' id='word_1_109' title='bbox 806 2137 1177 2216; x_wconf 83' lang='lat' dir='ltr'>diameter</span> <span class='ocrx_word' id='word_1_110' title='bbox 1222 2139 1502 2218; x_wconf 86' lang='lat' dir='ltr'>lineam</span> <span class='ocrx_word' id='word_1_111' title='bbox 1559 2167 1716 2217; x_wconf 87' lang='lat' dir='ltr'>non</span> <span class='ocrx_word' id='word_1_112' title='bbox 1766 2139 2031 2240; x_wconf 89' lang='lat' dir='ltr'>supera</span> <span class='ocrx_word' id='word_1_113' title='bbox 2087 2159 2204 2232; x_wconf 86' lang='lat' dir='ltr'>at,</span> <span class='ocrx_word' id='word_1_114' title='bbox 2270 2137 2552 2216; x_wconf 86' lang='lat' dir='ltr'>cuden-</span> 
     </span>
     <span class='ocr_line' id='line_1_19' title="bbox 524 2238 2556 2342; baseline 0.001 -28"><span class='ocrx_word' id='word_1_115' title='bbox 524 2259 533 2266; x_wconf 74' lang='grc'><em>’</em></span> <span class='ocrx_word' id='word_1_116' title='bbox 644 2242 751 2316; x_wconf 91' lang='lat' dir='ltr'>do</span> <span class='ocrx_word' id='word_1_117' title='bbox 806 2240 1083 2316; x_wconf 84' lang='lat' dir='ltr'>confici</span> <span class='ocrx_word' id='word_1_118' title='bbox 1135 2238 1379 2342; x_wconf 74' lang='lat' dir='ltr'>posset</span> <span class='ocrx_word' id='word_1_119' title='bbox 1423 2244 1698 2318; x_wconf 84' lang='lat' dir='ltr'>lamina</span> <span class='ocrx_word' id='word_1_120' title='bbox 1745 2241 2120 2316; x_wconf 87' lang='lat' dir='ltr'>diametro</span> <span class='ocrx_word' id='word_1_121' title='bbox 2149 2243 2380 2317; x_wconf 86' lang='lat' dir='ltr'>trium</span> <span class='ocrx_word' id='word_1_122' title='bbox 2405 2243 2556 2316; x_wconf 83' lang='lat' dir='ltr'>cir·</span> 
     </span>
     <span class='ocr_line' id='line_1_20' title="bbox 642 2340 2551 2443; baseline 0.001 -26"><span class='ocrx_word' id='word_1_123' title='bbox 642 2343 880 2435; x_wconf 87' lang='lat' dir='ltr'>citer,</span> <span class='ocrx_word' id='word_1_124' title='bbox 937 2341 1017 2419; x_wconf 90' lang='lat'>&amp;</span> <span class='ocrx_word' id='word_1_125' title='bbox 1061 2343 1269 2443; x_wconf 90' lang='lat' dir='ltr'>quod</span> <span class='ocrx_word' id='word_1_126' title='bbox 1328 2343 1816 2433; x_wconf 71' lang='lat' dir='ltr'>excurrebat,</span> <span class='ocrx_word' id='word_1_127' title='bbox 1873 2342 2268 2421; x_wconf 87' lang='lat' dir='ltr'>linearum.</span> <span class='ocrx_word' id='word_1_128' title='bbox 2387 2340 2551 2418; x_wconf 88' lang='lat' dir='ltr'>Co-</span> 
     </span>
     <span class='ocr_line' id='line_1_21' title="bbox 639 2442 2548 2544; baseline -0.001 -25"><span class='ocrx_word' id='word_1_129' title='bbox 639 2443 811 2541; x_wconf 67' lang='lat' dir='ltr'>lore</span> <span class='ocrx_word' id='word_1_130' title='bbox 868 2443 1235 2520; x_wconf 79' lang='lat' dir='ltr'>albicante</span> <span class='ocrx_word' id='word_1_131' title='bbox 1279 2445 1674 2535; x_wconf 81' lang='lat' dir='ltr'>rutilabat,</span> <span class='ocrx_word' id='word_1_132' title='bbox 1721 2442 2116 2544; x_wconf 85' lang='lat' dir='ltr'>tenacique</span> <span class='ocrx_word' id='word_1_133' title='bbox 2163 2442 2548 2542; x_wconf 87' lang='lat' dir='ltr'>gaudebat</span> 
     </span>
     <span class='ocr_line' id='line_1_22' title="bbox 640 2542 2550 2621; baseline 0 -2"><span class='ocrx_word' id='word_1_134' title='bbox 640 2544 989 2620; x_wconf 68' lang='lat' dir='ltr'>frastura.</span> <span class='ocrx_word' id='word_1_135' title='bbox 1044 2542 1303 2620; x_wconf 85' lang='lat' dir='ltr'>Alkali</span> <span class='ocrx_word' id='word_1_136' title='bbox 1324 2546 1613 2621; x_wconf 83' lang='lat' dir='ltr'>volatili</span> <span class='ocrx_word' id='word_1_137' title='bbox 1642 2544 1920 2621; x_wconf 79' lang='lat' dir='ltr'>solutus</span> <span class='ocrx_word' id='word_1_138' title='bbox 1947 2544 2293 2619; x_wconf 84' lang='lat' dir='ltr'>colorem</span> <span class='ocrx_word' id='word_1_139' title='bbox 2327 2568 2550 2619; x_wconf 85' lang='lat' dir='ltr'>mon-</span> 
     </span>
    </p>
   </div>
   <div class='ocr_carea' id='block_1_3' title="bbox 514 2638 2552 2739">
    <p class='ocr_par' dir='ltr' id='par_1_4' title="bbox 514 2638 2552 2739">
     <span class='ocr_line' id='line_1_23' title="bbox 514 2638 2552 2739; baseline 0.001 -20"><span class='ocrx_word' id='word_1_140' title='bbox 514 2682 521 2687; x_wconf 94' lang='lat'>·</span> <span class='ocrx_word' id='word_1_141' title='bbox 638 2642 902 2720; x_wconf 84' lang='lat' dir='ltr'>stravit</span> <span class='ocrx_word' id='word_1_142' title='bbox 979 2643 1376 2723; x_wconf 75' lang='lat' dir='ltr'>caerule&#39;um</span> <span class='ocrx_word' id='word_1_143' title='bbox 1412 2697 1436 2739; x_wconf 93' lang='lat'>,</span> <span class='ocrx_word' id='word_1_144' title='bbox 1507 2644 1589 2724; x_wconf 72' lang='grc' dir='ltr'>ἃ.</span> <span class='ocrx_word' id='word_1_145' title='bbox 1659 2642 1884 2722; x_wconf 84' lang='lat' dir='ltr'>acido</span> <span class='ocrx_word' id='word_1_146' title='bbox 1961 2644 2142 2721; x_wconf 89' lang='lat' dir='ltr'>nitri</span> <span class='ocrx_word' id='word_1_147' title='bbox 2221 2638 2552 2722; x_wconf 81' lang='lat' dir='ltr'>saturare</span> 
     </span>
    </p>
   </div>
   <div class='ocr_carea' id='block_1_4' title="bbox 592 2743 2582 3794">
    <p class='ocr_par' dir='ltr' id='par_1_5' title="bbox 640 2743 995 2822">
     <span class='ocr_line' id='line_1_24' title="bbox 640 2743 995 2822; baseline 0.003 -1"><span class='ocrx_word' id='word_1_148' title='bbox 640 2743 995 2822; x_wconf 83' lang='lat' dir='ltr'>viridem&#39;.</span> 
     </span>
    </p>

    <p class='ocr_par' dir='ltr' id='par_1_6' title="bbox 592 2888 2582 3794">
     <span class='ocr_line' id='line_1_25' title="bbox 708 2888 2552 2999; baseline 0.002 -28"><span class='ocrx_word' id='word_1_149' title='bbox 708 2976 716 2985; x_wconf 65' lang='grc'><strong>,</strong></span> <span class='ocrx_word' id='word_1_150' title='bbox 794 2888 1129 2973; x_wconf 63' lang='lat' dir='ltr'>Caurum</span> <span class='ocrx_word' id='word_1_151' title='bbox 1176 2918 1426 2999; x_wconf 80' lang='lat' dir='ltr'>partes</span> <span class='ocrx_word' id='word_1_152' title='bbox 1473 2890 1806 2997; x_wconf 81' lang='lat' dir='ltr'>ejusdem</span> <span class='ocrx_word' id='word_1_153' title='bbox 1860 2918 1944 2975; x_wconf 88' lang='lat' dir='ltr'>re</span> <span class='ocrx_word' id='word_1_154' title='bbox 2051 2896 2106 2973; x_wconf 90' lang='lat' dir='ltr'>li</span> <span class='ocrx_word' id='word_1_155' title='bbox 2149 2896 2436 2975; x_wconf 83' lang='lat' dir='ltr'>malleo</span> <span class='ocrx_word' id='word_1_156' title='bbox 2464 2898 2552 2975; x_wconf 84' lang='lat' dir='ltr'>in</span> 
     </span>
     <span class='ocr_line' id='line_1_26' title="bbox 640 2994 2552 3099; baseline 0.004 -30"><span class='ocrx_word' id='word_1_157' title='bbox 640 3013 903 3071; x_wconf 87' lang='lat' dir='ltr'>tenues</span> <span class='ocrx_word' id='word_1_158' title='bbox 972 2999 1301 3075; x_wconf 85' lang='lat' dir='ltr'>lamellas</span> <span class='ocrx_word' id='word_1_159' title='bbox 1378 2994 1742 3083; x_wconf 79' lang='lat' dir='ltr'>extensae,</span> <span class='ocrx_word' id='word_1_160' title='bbox 1817 3023 1922 3099; x_wconf 91' lang='lat' dir='ltr'>po</span> <span class='ocrx_word' id='word_1_161' title='bbox 2049 3022 2104 3093; x_wconf 93' lang='lat'>4</span> <span class='ocrx_word' id='word_1_162' title='bbox 2168 2999 2552 3076; x_wconf 88' lang='lat' dir='ltr'>horarum</span> 
     </span>
     <span class='ocr_line' id='line_1_27' title="bbox 642 3094 2554 3204; baseline 0.006 -37"><span class='ocrx_word' id='word_1_163' title='bbox 642 3094 1222 3176; x_wconf 87' lang='lat' dir='ltr'>calcinationem</span> <span class='ocrx_word' id='word_1_164' title='bbox 1281 3096 1550 3188; x_wconf 81' lang='lat' dir='ltr'>crusta,</span> <span class='ocrx_word' id='word_1_165' title='bbox 1596 3097 1844 3199; x_wconf 88' lang='lat' dir='ltr'>specie</span> <span class='ocrx_word' id='word_1_166' title='bbox 1897 3100 2258 3195; x_wconf 86' lang='lat' dir='ltr'>martiali,</span> <span class='ocrx_word' id='word_1_167' title='bbox 2335 3122 2554 3204; x_wconf 85' lang='lat' dir='ltr'>tege-</span> 
     </span>
     <span class='ocr_line' id='line_1_28' title="bbox 638 3194 2554 3301; baseline 0.006 -33"><span class='ocrx_word' id='word_1_168' title='bbox 638 3194 958 3288; x_wconf 84' lang='lat' dir='ltr'>bantur,</span> <span class='ocrx_word' id='word_1_169' title='bbox 1019 3197 1154 3275; x_wconf 86' lang='lat' dir='ltr'>sub</span> <span class='ocrx_word' id='word_1_170' title='bbox 1223 3222 1369 3299; x_wconf 89' lang='lat' dir='ltr'>qua</span> <span class='ocrx_word' id='word_1_171' title='bbox 1427 3199 1676 3301; x_wconf 72' lang='lat' dir='ltr'>pulvis</span> <span class='ocrx_word' id='word_1_172' title='bbox 1745 3200 2059 3292; x_wconf 78' lang='lat' dir='ltr'>viridiS‚</span> <span class='ocrx_word' id='word_1_173' title='bbox 2116 3200 2201 3278; x_wconf 77' lang='grc' dir='ltr'>δι</span> <span class='ocrx_word' id='word_1_174' title='bbox 2261 3202 2554 3279; x_wconf 87' lang='lat' dir='ltr'>intime</span> 
     </span>
     <span class='ocr_line' id='line_1_29' title="bbox 634 3296 2556 3405; baseline 0.007 -38"><span class='ocrx_word' id='word_1_175' title='bbox 634 3296 987 3389; x_wconf 76' lang='lat' dir='ltr'>nucleuS,</span> <span class='ocrx_word' id='word_1_176' title='bbox 1060 3322 1102 3375; x_wconf 93' lang='lat' dir='ltr'>e</span> <span class='ocrx_word' id='word_1_177' title='bbox 1158 3300 1526 3405; x_wconf 83' lang='lat' dir='ltr'>regulinis</span> <span class='ocrx_word' id='word_1_178' title='bbox 1605 3302 1877 3377; x_wconf 82' lang='lat' dir='ltr'>atomis</span> <span class='ocrx_word' id='word_1_179' title='bbox 1953 3325 2114 3376; x_wconf 89' lang='lat' dir='ltr'>non</span> <span class='ocrx_word' id='word_1_180' title='bbox 2193 3304 2556 3399; x_wconf 69' lang='lat' dir='ltr'>mutatiS,</span> 
     </span>
     <span class='ocr_line' id='line_1_30' title="bbox 636 3398 2554 3502; baseline 0.006 -33"><span class='ocrx_word' id='word_1_181' title='bbox 636 3398 1190 3497; x_wconf 86' lang='lat' dir='ltr'>reperiebatur:</span> <span class='ocrx_word' id='word_1_182' title='bbox 1253 3400 1554 3502; x_wconf 86' lang='lat' dir='ltr'>pondus</span> <span class='ocrx_word' id='word_1_183' title='bbox 1613 3422 1646 3493; x_wconf 86' lang='lat'><em>5</em></span> <span class='ocrx_word' id='word_1_184' title='bbox 1706 3421 1862 3475; x_wconf 87' lang='lat' dir='ltr'>erat</span> <span class='ocrx_word' id='word_1_185' title='bbox 1922 3399 2245 3479; x_wconf 73' lang='lat' dir='ltr'>austum.</span> <span class='ocrx_word' id='word_1_186' title='bbox 2371 3404 2554 3480; x_wconf 89' lang='lat' dir='ltr'>Ma-</span> 
     </span>
     <span class='ocr_line' id='line_1_31' title="bbox 636 3498 2582 3602; baseline 0.009 -35"><span class='ocrx_word' id='word_1_187' title='bbox 636 3498 820 3570; x_wconf 84' lang='lat' dir='ltr'>teria</span> <span class='ocrx_word' id='word_1_188' title='bbox 862 3498 1193 3575; x_wconf 86' lang='lat' dir='ltr'>-friabilis</span> <span class='ocrx_word' id='word_1_189' title='bbox 1243 3506 1321 3578; x_wconf 90' lang='lat' dir='ltr'>in</span> <span class='ocrx_word' id='word_1_190' title='bbox 1371 3502 1766 3602; x_wconf 87' lang='lat' dir='ltr'>pulverem</span> <span class='ocrx_word' id='word_1_191' title='bbox 1817 3500 2115 3579; x_wconf 66' lang='lat' dir='ltr'>reda-&amp;ta</span> <span class='ocrx_word' id='word_1_192' title='bbox 2185 3506 2582 3585; x_wconf 88' lang='lat' dir='ltr'>colorem.</span> 
     </span>
     <span class='ocr_line' id='line_1_32' title="bbox 592 3596 2554 3704; baseline 0.008 -38"><span class='ocrx_word' id='word_1_193' title='bbox 592 3596 993 3683; x_wconf 61' lang='lat' dir='ltr'>‚induebat</span> <span class='ocrx_word' id='word_1_194' title='bbox 1065 3599 1268 3678; x_wconf 86' lang='lat' dir='ltr'>fusco</span> <span class='ocrx_word' id='word_1_195' title='bbox 1332 3600 1884 3697; x_wconf 83' lang='lat' dir='ltr'>virescentem,</span> <span class='ocrx_word' id='word_1_196' title='bbox 1952 3602 2034 3681; x_wconf 88' lang='lat'>&amp;</span> <span class='ocrx_word' id='word_1_197' title='bbox 2087 3604 2256 3704; x_wconf 90' lang='lat' dir='ltr'>post</span> <span class='ocrx_word' id='word_1_198' title='bbox 2311 3608 2554 3683; x_wconf 89' lang='lat' dir='ltr'>itera-</span> 
     </span>
     <span class='ocr_line' id='line_1_33' title="bbox 634 3698 2552 3794; baseline 0.008 -26"><span class='ocrx_word' id='word_1_199' title='bbox 634 3710 786 3769; x_wconf 83' lang='lat' dir='ltr'>tam</span> <span class='ocrx_word' id='word_1_200' title='bbox 857 3721 908 3794; x_wconf 88' lang='lat'><strong>4</strong></span> <span class='ocrx_word' id='word_1_201' title='bbox 984 3698 1339 3779; x_wconf 88' lang='lat' dir='ltr'>horarum</span> <span class='ocrx_word' id='word_1_202' title='bbox 1419 3703 1996 3784; x_wconf 82' lang='lat' dir='ltr'>calcinationem</span> <span class='ocrx_word' id='word_1_203' title='bbox 2051 3704 2136 3782; x_wconf 83' lang='lat' dir='ltr'>in</span> <span class='ocrx_word' id='word_1_204' title='bbox 2217 3706 2552 3785; x_wconf 86' lang='lat' dir='ltr'>crustam</span> 
     </span>
    </p>
   </div>
   <div class='ocr_carea' id='block_1_5' title="bbox 1174 3808 2550 3916">
    <p class='ocr_par' dir='ltr' id='par_1_7' title="bbox 1174 3808 2550 3916">
     <span class='ocr_line' id='line_1_34' title="bbox 1174 3808 2550 3916; baseline -0.001 -30"><span class='ocrx_word' id='word_1_205' title='bbox 1174 3863 1223 3916; x_wconf 49' lang='grc' dir='ltr'>Δ,</span> <span class='ocrx_word' id='word_1_206' title='bbox 2393 3808 2550 3887; x_wconf 83' lang='lat' dir='ltr'>fra-</span> 
     </span>
    </p>
   </div>
  </div>
 </body>
</html>
