2760 4749
881 311 1007 400 De
1068 310 1486 424 Arfinica.
2021 345 2179 427 277

268 526 353 600 in
402 548 558 623 quo
608 526 921 628 egregie
968 523 1052 610 δι
1102 547 1287 612 vere
1335 515 1786 608 Arse-,uicum
1842 525 2176 614 conside-

266 647 477 702 ratur
531 646 915 730 tamquam
962 624 1566 706 semimetallum.
1600 648 1643 700 a
1693 625 2000 725 reliquis
2058 627 2176 705 di·

266 725 614 818 versum,
671 726 877 825 quod
937 746 1155 802 tanto
1216 725 1466 802 minus
1545 727 1994 802 eorumdem
2062 730 2171 804 in-

264 825 486 927 gredi
538 825 779 927 potest
827 823 1288 902 effentialem
1353 849 1853 930 compagem,
1932 853 2167 925 quan·

262 949 349 1003 to
402 923 1053 1019 certius.constat‚
1102 925 1308 1004 idem
1373 928 1456 1002 in
1537 929 1786 1002 multis
1855 928 2166 1002 mineris

260 1029 587 1105 omnino
657 1025 1099 1120 defiderari,
1152 1029 1235 1105 &
1292 1025 1476 1102 dum
1541 1024 1796 1118 adest,
1863 1027 2164 1128 semper

259 1127 753 1212 incommoda
816 1127 997 1212 illud
1068 1121 1457 1220 comitari}
1550 1128 1672 1203 vel
1741 1127 1871 1217 sub
1963 1128 2164 1204 abitu

258 1226 724 1322 auferendO,
770 1227 896 1303 vel
942 1225 1247 1304 massam
1303 1227 1822 1329 depravando,
1925 1229 2159 1306 Certe

256 1330 551 1405 bonum
584 1353 899 1429 cuprum
949 1353 1153 1432 aegre
1184 1328 1554 1428 eliquatur
1588 1353 1630 1406 e
1667 1333 1958 1450 minerq
2001 1333 2155 1431 gri·

251 1429 421 1532 sea2
482 1431 563 1508 δε
631 1451 839 1529 aeque
901 1429 1321 1530 pei-festum
1387 1430 1678 1529 praebet
1753 1450 2154 1534 argentum

250 1528 590 1630 ejusdem
656 1532 949 1606 minera
1006 1533 1298 1622 vitrea,
1360 1556 1444 1606 ac
1520 1529 1764 1607 rubra.
1882 1531 2150 1607 Nemo

248 1631 632 1730 hucusque
678 1629 905 1706 ullum
960 1632 1341 1708 metallum
1389 1629 1728 1706 arsenico
1777 1629 2148 1729 perficere

244 1735 540 1832 potuit,
598 1732 679 1807 δι
736 1728 788 1805 fi
846 1728 1162 1806 fortuito
1214 1733 1443 1807 variis
1524 1731 1960 1811 immixtum
2029 1755 2144 1817 re·

239 1834 571 1932 peritur,
622 1833 772 1908 hoc
821 1856 978 1906 non
1033 1833 1272 1935 magis
1332 1834 1710 1911 internam
1765 1829 2142 1910 sociorum

241 1953 469 2034 auget
516 1933 983 2026 bonitatem,
1043 1957 1267 2032 quam
1316 1935 1394 2008 in
1449 1934 1715 2032 galeria
1741 1931 2140 2034 plumbum
2229 2000 2234 2010 .

236 2033 547 2134 proficit
600 2053 963 2132 argento,
1012 2034 1135 2110 vel
1190 2032 1340 2111 hoc
1392 2035 1522 2116 illi.
1625 2034 1704 2110 Si
1745 2034 1872 2116 *ad
1932 2036 2139 2134 prin·

236 2137 519 2233 cipium
570 2131 972 2215 arsenicale
1017 2153 1241 2209 tantae
1289 2132 1704 2221 subtilitatis
1754 2158 2136 2234 provoca-

234 2259 323 2309 re
376 2234 614 2327 lubet,
666 2242 745 2310 ut
797 2257 1064 2310 omnes
1119 2232 1356 2336 fugiat
1419 2232 1710 2326 sensus,
1775 2235 1924 2310 hoc
1986 2234 2131 2312 suis

232 2334 660 2413 austooeibus
712 2333 1191 2411 scrutandum
1244 2335 1707 2435 relinquatur
1755 2355 2083 2435 oportet.

392 2486 586 2563 HAEc
631 2489 890 2563 omnia
918 2541 938 2578 ‚
984 2488 1329 2586 quamvis
1364 2510 1546 2562 vera
1575 2485 1759 2576 fint,
1818 2510 1972 2560 non
2015 2510 2124 2561 ta-

228 2609 413 2665 men
466 2589 927 2688 impediunt,
978 2590 1158 2686 quin
1236 2586 1536 2663 acidum
1604 2586 1954 2677 arseniei‚
2022 2614 2122 2661 ae-

228 2711 420 2787 que,
485 2714 573 2765 ac
622 2690 805 2778 alia,
862 2690 1029 2787 jure
1098 2686 1604 2773 minei-alisare
1668 2686 1993 2774 dicatur,
2067 2686 2121 2763 fi

224 2788 499 2865 alicubi
533 2788 892 2870 nudatum
942 2808 1287 2873 occurrat
1357 2790 1436 2873 in
1492 2808 1766 2869 naturae
1819 2786 2120 2877 officina

222 2892 307 2966 δι
355 2888 489 2966 sub
535 2891 677 2966 hac
702 2888 955 2966 forma
986 2890 1290 2966 metallo
1340 2886 1638 2993 cuidam
1687 2888 2112 2977 adunatum.

371 3042 721 3118 TANDEM
766 3044 967 3117 inter
1033 3064 1206 3127 eos,
1264 3039 1394 3138 qui
1456 3036 1713 3128 nostro
1795 3066 1965 3121 aevo
2030 3044 2113 3118 in

217 3145 811 3243 proprietatibus
838 3141 1152 3219 arsenici
1183 3139 1628 3243 detegendis
1661 3138 1954 3217 strenue
1984 3141 2111 3219 de·

220 3244 617 3335 sudarunt,
708 3247 1025 3319 minime
1120 3244 1572 3326 reticendus·
1633 3237 1738 3317 est
1845 3242 2107 3330 Celeb,
2175 3304 2180 3311 .

216 3348 582 3437 BRANDT,
643 3347 772 3444 qui
836 3344 933 3421 de
1016 3342 1290 3419 eodem
1362 3348 1570 3427 varia
1641 3342 1767 3426 vel
1815 3345 2108 3443 primus

212 3444 689 3536 observavit,
739 3444 862 3521 vel
908 3450 1133 3519 etiam
1193 3444 1656 3539 adcuratiuS,
1713 3468 1936 3541 quam
1981 3470 2107 3518 an-

208 3568 283 3621 te
338 3546 550 3625 illum
598 3547 839 3637 ulluS,
898 3544 1440 3622 determinavit
1486 3548 1592 3644 g).
1709 3544 1832 3621 De
1890 3545 2107 3619 Auri·

1107 3646 1157 3721 S
1206 3671 1247 3745 3
1990 3645 2108 3759 pi·

285 3817 357 3898 g)
414 3814 627 3883 Confr.
661 3814 813 3877 Aeta
850 3812 996 3895 ops:
1038 3834 1144 3894 pro
1186 3832 1340 3875 anno
1378 3827 1548 3896 1733
1585 3810 1650 3880 ἃ
1673 3812 1806 3875 alibi
1842 3810 2066 3893 pessim.
